2550 4252
159 173 197 222 12
479 156 545 222 The
566 158 645 241 Lrse
666 160 707 241 os
720 160 883 244 Agraiola.

154 346 239 411 vada
254 356 288 411 et
304 346 430 429 patrius
446 347 548 412 nandi
564 368 654 423 usuS,
672 369 737 432 quo
754 348 852 413 simul
872 371 975 434 seque
998 361 1032 416 et
1054 374 1152 419 arma
1175 365 1211 420 et

154 471 257 534 equos
270 460 400 533 regunt,
415 451 461 515 ita
472 462 611 533 repente
624 451 769 530 immisit,
784 463 820 517 ut
833 453 1058 536 obstupefacti
1073 458 1209 538 hostes,

154 555 211 637 qui
241 554 391 633 classem,
423 555 479 637 qui
510 575 621 632 naves,
654 556 709 638 qui
740 578 830 622 mare
848 559 1100 639 exspectabant,
1120 563 1209 627 nihil

154 659 291 722 arduum
308 667 365 722 aut
381 658 541 722 invictum
558 659 760 724 crediderint
779 660 826 724 sic
842 663 884 725 ad
900 663 1023 726 bellum
1039 666 1210 731 venienti-

108 785 119 822 s
153 763 224 827 bus.
273 763 325 826 Ita
341 762 447 844 petita
461 783 543 844 pace
559 783 597 826 ac
614 763 727 827 dedita
744 764 861 843 insula,
880 766 988 830 clarus
1004 788 1043 831 ac
1059 789 1208 851 magnus

153 865 268 951 haberi
298 866 460 949 Agricola
473 886 481 944 ;
515 866 638 948 quippe
669 867 722 931 cui
752 867 954 950 ingredienti
985 871 1205 952 provinciam,

90 1048 100 1067 ο
153 969 241 1052 quod
264 980 397 1051 tempus
420 969 475 1032 alii
497 990 558 1062 per
572 971 834 1035 ostentationem
851 983 885 1037 et
901 974 1085 1038 officiorum
1101 977 1207 1040 ambi·

153 1083 224 1136 tum
251 1073 451 1155 transigunt,
479 1072 573 1137 labor
602 1084 636 1138 et
666 1075 850 1156 periculum
877 1077 1065 1158 placuisset.
1128 1080 1206 1144 Nec

151 1175 322 1258 Agricola,
340 1176 562 1258 prosperitate
578 1163 688 1242 rerum
704 1179 739 1242 in
754 1179 938 1245 vanitatem
962 1201 1052 1257 usus,
1070 1173 1207 1264 expedi·

96 1309 119 1335 10
152 1279 279 1343 tionem
303 1288 361 1343 aut
386 1279 558 1345 victoriam
588 1283 730 1346 vocabat
759 1283 867 1347 victos
898 1284 1127 1363 continuisse;
1159 1307 1206 1351 ne

152 1381 308 1446 laureatis
332 1383 465 1466 quidem
488 1394 585 1466 gesta
606 1395 805 1466 prosecutus
828 1396 888 1451 est.
937 1387 1005 1451 Sed
1036 1388 1109 1469 ipsa
1139 1390 1206 1453 dis-

153 1486 365 1551 simulatione
394 1485 503 1551 famae
532 1485 654 1569 famam
684 1489 775 1553 auxit
798 1489 1052 1557 aestimantibus
1076 1503 1206 1574 quanta

151 1588 255 1654 futuri
272 1611 331 1672 spe
348 1600 416 1654 tam
432 1612 554 1674 magna
569 1592 737 1657 tacuisset.
1221 1600 1222 1604 ’

195 1713 266 1760 xlx.
301 1695 460 1760 Ceterum
482 1695 668 1760 animorum
692 1697 882 1776 provinciae
908 1699 1065 1780 prudens,
1091 1699 1206 1764 simul-

94 1831 119 1871 ις
152 1818 217 1881 que
233 1799 352 1863 doctus
369 1819 429 1879 per
443 1798 551 1861 aliena
572 1799 800 1881 experimenta
822 1821 938 1881 parum
954 1802 1070 1884 profici
1089 1805 1203 1882 armis,

153 1903 181 1966 si
208 1902 349 1985 injuriae
376 1911 604 1984 sequerentur,
630 1923 746 1966 causas
776 1904 938 1968 bellorum
970 1906 1086 1968 statuit
1118 1908 1206 1970 exci-

153 2006 240 2070 dere.
295 2005 330 2068 A
361 2025 397 2070 se
435 2005 570 2087 suisque
608 2026 712 2081 orsuS,
752 2007 895 2088 primum
933 2009 1066 2072 domum
1106 2030 1204 2074 suam

153 2109 310 2184 coercuit,
324 2110 412 2192 quod
428 2108 595 2191 plerisque
617 2110 706 2173 haud
730 2110 840 2174 minus
864 2112 1002 2174 arduum
1026 2121 1079 2175 est
1102 2134 1203 2195 quam

153 2213 355 2295 provinciam
373 2233 498 2296 regere.
547 2212 640 2275 Nihil
657 2233 717 2294 per
731 2213 869 2278 libertos
894 2234 1074 2297 servosque
1097 2217 1206 2298 publi-

94 2346 120 2374 ω
153 2337 212 2380 cae
228 2316 275 2380 rei
290 2337 297 2393 ;
320 2338 388 2380 non
405 2316 524 2380 studiis
540 2316 677 2397 privatis
693 2336 756 2380 nec
773 2337 813 2380 ex
835 2319 1124 2382 commendatione
1145 2330 1204 2385 aut

153 2421 307 2502 precibus
345 2421 586 2493 centurionem,
626 2419 748 2485 milites
786 2421 900 2497 ascire,
940 2422 999 2486 sed
1038 2423 1203 2504 optimum

153 2544 318 2606 quemque
348 2523 544 2587 fidissimum
569 2532 702 2604 putare;
733 2523 845 2587 omnia
871 2524 965 2598 scire,
990 2544 1058 2587 non
1089 2528 1205 2591 omnia

153 2627 310 2710 exsequi;
341 2626 451 2708 parvis
473 2626 620 2708 peccatis
652 2625 792 2702 veniam,
825 2628 955 2709 magnis
986 2629 1204 2694 severitatem

153 2731 372 2806 commodare,
390 2750 453 2794 nec
473 2750 581 2812 poena
600 2750 732 2811 semper
754 2730 814 2795 sed
838 2731 969 2813 saepius
993 2733 1205 2812 paenitentia

94 2870 118 2907 25
153 2843 332 2898 contentus
363 2854 457 2910 esse;
495 2833 613 2897 officiis
644 2843 678 2896 et
713 2833 1058 2899 administrationibus
1089 2837 1204 2916 potius

153 2958 220 3000 non
251 2947 447 3020 peccaturos
478 2955 691 3019 praeponere,
716 2958 815 3019 quam
842 2939 1000 3003 damnare
1025 2959 1100 3002 cum
1127 2960 1206 3020 pec-

152 3050 295 3106 cassent.
344 3040 520 3104 Frumenti
544 3050 577 3104 et
601 3040 801 3103 tributorum
825 3041 1033 3106 exactionem
1060 3044 1206 3124 aequali-

152 3155 222 3209 tate
252 3166 428 3209 munerum
456 3144 594 3220 mollire,
620 3143 825 3207 circumcisis
860 3144 1002 3226 quaein
1026 3155 1203 3227 quaestum

152 3258 285 3330 reperta
314 3248 386 3330 ipso
417 3248 543 3312 tributo
574 3248 708 3330 gravius
744 3248 980 3312 tolerabantur.
1047 3249 1204 3331 Namque

93 3383 119 3422 30
151 3373 212 3434 per
233 3351 411 3416 ludibrium
435 3351 581 3416 assidere
605 3350 727 3415 clausis
754 3351 882 3414 horreis
907 3361 941 3414 et
972 3371 1083 3416 emere
1114 3351 1204 3416 ultro

151 3453 329 3530 frumenta,
353 3476 392 3519 ac
414 3455 529 3519 ludere
552 3454 659 3537 pretio
691 3454 917 3536 cogebantur;
948 3455 1099 3519 devortia
1129 3456 1205 3520 itin·

152 3579 246 3624 erum
262 3569 296 3623 et
312 3558 538 3641 longinquitas
555 3557 729 3640 regionum
749 3557 966 3635 indicebatur,
984 3568 1021 3621 ut
1038 3558 1202 3633 civitates

152 3663 310 3746 proximis
334 3662 492 3736 hibernis,
518 3661 551 3724 in
575 3671 704 3724 remota
726 3670 760 3724 et
784 3661 857 3724 avia
879 3659 1058 3738 deferrent,
1083 3663 1202 3739 donec,

153 3769 241 3851 quod
257 3765 419 3831 omnibus
429 3766 463 3828 in
479 3775 636 3847 promptu
652 3774 732 3839 erat,
750 3764 865 3846 paucis
881 3764 1049 3827 lucrosum
1066 3766 1171 3830 fieret.

91 3901 118 3940 ³⁵
194 3891 250 3937 xx.
286 3871 384 3936 Haec
397 3870 506 3954 primo
524 3868 636 3935 statim
653 3888 741 3931 anno
759 3867 1017 3949 comprimendo,
1032 3869 1203 3950 egregiam
