2550 4252
183 234 219 294 18
503 228 569 292 lee
590 228 669 311 Life
690 231 730 310 of
744 230 906 312 Agricola.

177 426 231 480 tus
255 424 290 479 et
313 435 399 491 saxa,
423 424 457 477 et
480 410 671 477 infestiores
696 413 849 488 Romani,
871 435 1011 496 quorum
1036 418 1226 498 superbiam

175 517 299 583 frustra
325 539 384 600 per
411 518 607 600 obsequium
634 526 668 580 et
695 517 893 580 modestiam
921 516 1090 601 effugeris,
1139 523 1228 604 Rap

168 633 266 707 tores
283 623 381 697 orbis,
396 631 572 703 postquam
589 630 711 684 cuncta
725 622 935 684 vastantibus
952 621 1088 687 defuere
1106 633 1224 702 terrae,

175 726 242 809 jam
266 737 300 790 et
323 746 414 788 mare
435 733 643 788 scrutantur:
667 725 695 787 si
710 725 859 806 locuples
876 727 983 789 hostis
1001 737 1061 803 est,
1079 729 1181 806 avari,
1200 730 1226 792 si

129 855 142 894 s
175 851 309 913 pauper,
327 828 515 904 ambitiosi3
540 848 623 910 quos
647 849 715 890 non
741 827 873 902 Oriens,
895 849 963 891 non
986 829 1157 895 Occidens
1180 853 1227 895 sa-

175 934 315 998 tiaverit.
365 932 435 996 Soli
458 931 606 994 omnium
623 951 704 1012 opes
720 941 820 1013 atque
836 931 980 1013 inopiam
1006 934 1076 1014 pari
1099 931 1225 999 affectu

175 1037 426 1119 concupiscunt.
473 1033 630 1112 Auferre,
655 1035 829 1110 trucidare,
854 1057 979 1118 rapere,
1004 1035 1098 1101 falsis
1122 1041 1225 1103 nomi-

175 1142 273 1204 nibus
295 1140 478 1222 imperium,
500 1149 609 1222 atque,
630 1139 687 1203 ubi
711 1138 924 1202 solitudinem
945 1138 1081 1217 faciunt,
1107 1163 1223 1224 pacem

174 1245 351 1326 appellant.
410 1252 504 1308 xx'xr.
540 1243 679 1306 Liberos
706 1243 825 1324 cuique
849 1263 888 1306 ac
913 1245 1119 1326 propinquos
1146 1266 1224 1308 suos

117 1379 142 1406 ιο
174 1359 293 1412 natura
308 1347 496 1412 carissimos
513 1366 588 1409 esse
600 1345 722 1421 voluit;
742 1345 776 1408 hi
789 1366 849 1427 per
861 1347 1012 1410 delectus
1028 1347 1108 1410 alibi
1125 1349 1224 1411 servi-

175 1453 239 1515 turi
260 1449 472 1516 auferuntur:
496 1450 658 1532 conjuges
675 1469 881 1531 sororesque,
901 1451 1001 1514 etiam
1019 1451 1047 1514 si
1064 1453 1223 1516 hostilem

173 1556 345 1620 libidinem
369 1551 541 1636 effugiant,
566 1553 703 1616 nomine
726 1553 906 1617 amicorum
928 1564 1028 1636 atque
1051 1556 1222 1636 hospitum

174 1659 374 1740 polluuntur.
423 1657 517 1720 Bona
538 1654 759 1739 fortunaeque
783 1657 816 1718 in
833 1657 1004 1732 tributum,
1022 1678 1104 1740 ager
1122 1668 1223 1742 atque

174 1783 281 1825 annus
305 1762 338 1824 in
361 1758 576 1837 frumentum,
602 1781 741 1842 corpora
763 1760 835 1841 ipsa
857 1780 895 1823 ac
919 1782 1037 1824 manus
1065 1762 1159 1825 silvis
1185 1784 1222 1827 ac

116 1893 139 1929 τε
174 1866 349 1948 paludibus
372 1865 582 1928 emuniendis
598 1864 686 1928 inter
701 1865 839 1928 verbera
854 1885 892 1928 ac
909 1865 1130 1929 contumelias
1147 1887 1223 1930 con-

174 1979 335 2033 teruntur.
377 1969 466 2032 Nata
482 1968 634 2031 servituti
650 1968 815 2051 mancipia
831 1969 935 2032 semel
947 1979 1106 2044 veneunt,
1121 1981 1222 2054 atque

174 2073 259 2137 ultro
275 2094 295 2137 a
310 2072 453 2137 dominis
469 2071 623 2148 aluntur;
646 2072 821 2135 Britannia
837 2073 1032 2136 servitutem
1046 2094 1142 2137 suam
1156 2085 1222 2138 cot-

172 2177 253 2240 tidie
275 2177 364 2252 emit,
390 2175 528 2240 cottidie
551 2175 666 2257 pascit.
713 2175 768 2239 Ac
792 2176 878 2240 sicut
904 2177 937 2239 in
961 2174 1087 2240 familia
1109 2199 1222 2242 recen-

173 2281 320 2344 tissimus
337 2281 477 2363 quisque
493 2299 664 2342 servorum
684 2279 784 2342 etiam
804 2281 974 2344 conservis
993 2281 1136 2344 ludibrio
1158 2293 1219 2356 est,

103 2395 139 2432 '20
173 2378 267 2441 sicin
280 2379 343 2440 hoc
356 2377 445 2440 orbis
458 2385 620 2439 terrarum
630 2386 744 2439 vetere
754 2374 916 2440 famulatu
927 2378 1005 2440 novi
1017 2398 1079 2441 nos
1092 2389 1128 2442 et
1137 2380 1221 2444 viles

173 2482 206 2543 in
220 2481 383 2544 excidium
396 2479 548 2560 petimur.
586 2480 705 2561 Neque
716 2481 806 2543 enim
819 2501 897 2544 arva
909 2481 1005 2544 nobis
1018 2491 1075 2545 aut
1086 2483 1222 2546 metalla

172 2594 228 2648 aut
244 2593 359 2666 portus
377 2591 464 2657 sunt,
482 2582 601 2672 quibus
622 2583 817 2647 exercendis
839 2604 1053 2649 reservemur.
1101 2585 1221 2650 Virtus

172 2708 269 2769 porro
290 2707 328 2750 ac
351 2684 476 2750 ferocia
498 2685 726 2768 subiectorum
749 2687 881 2769 ingrata
903 2688 1163 2769 imperantibus;
1188 2699 1221 2755 et

171 2790 397 2873 longinquitas
410 2810 448 2853 ac
461 2798 627 2853 secretum
641 2790 749 2870 ipsum
760 2810 825 2872 quo
838 2791 952 2868 tutius,
965 2812 1004 2854 eo
1018 2794 1218 2875 suspectius.

113 2921 137 2958 νε
173 2895 225 2958 Ita
241 2894 370 2958 sublata
386 2913 446 2975 spe
460 2893 579 2956 veniae
595 2893 730 2956 tandem
748 2893 869 2957 sumite
892 2894 1048 2969 animum,
1066 2904 1136 2959 tam
1153 2899 1221 2980 qui·

171 2999 233 3062 bus
261 2997 359 3072 salus,
386 3017 484 3079 quam
509 2996 629 3078 quibus
652 2996 757 3078 gloria
782 2997 952 3060 carissima
974 3008 1035 3062 est.
1082 2999 1222 3083 Brigan-

170 3111 231 3178 tes,
254 3099 381 3165 femina
403 3101 497 3174 duce,
522 3120 660 3163 exurere
683 3099 857 3174 coloniam,
882 3121 1074 3184 expugnare
1099 3114 1219 3183 castra,

170 3227 218 3280 ac,
243 3205 308 3268 nisi
329 3202 472 3267 felicitas
495 3204 530 3266 in
554 3203 738 3266 socordiam
762 3204 929 3280 vertisset,
954 3226 1074 3270 exuere
1101 3206 1221 3290 jugum

170 3320 327 3390 potuere;
351 3328 413 3370 nos
437 3306 559 3388 integri
586 3315 620 3369 et
647 3306 799 3369 indomiti
823 3318 857 3370 et
880 3307 1067 3392 libertatem
1091 3330 1162 3374 non
1186 3313 1221 3375 in

109 3432 138 3480 '30
171 3411 411 3494 paenitentiam
438 3409 545 3486 laturi,
574 3409 680 3491 primo
708 3411 821 3473 statim
852 3431 1035 3494 congressu
1065 3416 1223 3486 ostenda·

171 3536 244 3577 mus
266 3534 348 3596 quos
371 3513 434 3577 sibi
456 3513 640 3577 Caledonia
660 3513 749 3576 viros
772 3516 968 3595 seposuerit.
1016 3534 1129 3579 xxxn.
1160 3519 1221 3583 An

171 3619 311 3682 eandem
347 3617 508 3681 Romanis
542 3617 576 3679 in
612 3617 699 3680 bello
733 3618 900 3693 virtutem,
933 3640 1032 3700 quam
1067 3620 1101 3683 in
1137 3643 1223 3703 pace

170 3722 338 3787 lasciviam
366 3722 484 3784 adesse
511 3720 666 3785 creditis?
712 3722 847 3784 Nostris
877 3722 924 3785 illi
950 3719 1223 3792 dissensionibus

169 3847 208 3890 ac
235 3825 409 3890 discordiis
433 3825 520 3901 clari,
543 3824 624 3887 vitia
650 3824 796 3887 hostium
824 3825 858 3887 in
883 3825 1022 3907 gloriam
1050 3831 1221 3896 exercitus

89 3951 119 3986 35
153 3929 211 3989 sui
239 3940 399 4007 vertunt,·
433 3951 535 4014 quem
568 3937 782 3994 contractum
811 3949 854 3992 ex
881 3925 1114 3994 diuersissimis
1142 3953 1222 4014 gen-
