2550 4252
334 195 489 278 Agn'cola
511 194 677 258 Governor
695 194 735 276 of
749 193 892 256 Britain.
1076 223 1083 233 ·
1099 212 1131 256 11

128 405 212 450 xvn.
248 385 325 462 Sed,
346 385 402 448 ubi
426 406 502 448 cum
526 393 638 448 cetero
662 384 742 448 orbe
757 383 987 466 Vespasianus
1010 394 1044 447 et
1067 385 1137 447 Bri-

83 490 235 554 tanniam
268 489 486 570 recuperavit,
518 489 631 570 magni
661 489 773 565 duces,
802 488 928 570 egregii
959 488 1133 565 exercitus,

84 595 215 657 minuta
235 593 384 656 hostium
407 612 493 673 spes.
543 593 588 655 Et
611 601 771 655 terrorem
792 592 906 655 statim
922 592 1036 655 intulit
1052 592 1136 655 Peti-

83 698 149 761 lius
170 697 318 770 Cerialis,
336 695 535 778 Brigantum
559 695 737 770 civitatem,
756 715 840 778 quae
863 695 1136 760 numerosissima

83 800 276 881 provinciae
292 800 396 864 totius
413 799 617 882 perhibetur,
635 819 823 882 aggressus.
871 797 981 862 Multa
999 800 1133 881 proelia,
1182 827 1193 864 s

83 913 120 968 et
146 904 323 986 aliquando
354 923 422 966 non
453 903 650 979 incruenta;
684 923 907 985 magnamque
937 902 1134 985 Brigantum

84 1018 214 1089 partem
230 1018 287 1071 aut
302 1007 442 1071 victoria
457 1006 630 1087 amplexus
646 1014 699 1069 est
715 1014 772 1069 aut
788 1006 883 1070 bello,
933 1006 978 1069 Et
996 1006 1139 1083 Cerialis,
1180 996 1188 1011 ⁰

83 1112 219 1194 quidem
235 1111 372 1174 alterius
388 1109 592 1174 successoris
607 1130 720 1173 curam
742 1107 932 1192 famamque
948 1110 1134 1187 obruisset;

82 1215 189 1278 subiit
211 1215 437 1297 sustinuitque
464 1213 585 1276 molem
612 1212 721 1294 Julius
750 1213 945 1289 Frontinus,
970 1213 1021 1275 vir
1046 1234 1135 1296 mag-

85 1339 158 1394 nus,
176 1328 337 1400 quantum
358 1317 488 1392 licebat,
506 1317 716 1399 validamque
732 1325 767 1380 et
782 1337 969 1399 pugnacem
987 1316 1133 1380 Silurum
1170 1349 1194 1376 10

83 1432 222 1503 gentem
238 1422 338 1484 armis
354 1421 497 1503 subegit,
516 1441 617 1501 super
635 1421 794 1484 virtutem
811 1421 958 1486 hostium
985 1420 1133 1484 locorum

83 1545 217 1608 quoque
232 1525 445 1589 difficultates
463 1524 637 1589 eluctatus.
652 1558 653 1561 ¹
709 1557 714 1570 ·

127 1649 225 1695 xvru.
259 1630 363 1693 Hunc
389 1629 582 1692 Britanniae
608 1638 742 1705 statum,
768 1629 829 1691 has
854 1628 1016 1692 bellorum
1042 1629 1133 1692 vices

83 1734 194 1797 media
217 1734 285 1816 jam
310 1741 439 1797 aestate
462 1742 693 1815 transgressus
715 1732 876 1815 Agricola
899 1732 1036 1807 invenit,
1057 1753 1133 1796 cum

83 1847 118 1901 et
140 1838 262 1900 milites
289 1837 382 1900 velut
405 1837 529 1900 omissa
551 1837 764 1918 expeditione
793 1838 835 1899 ad
858 1837 1072 1900 securitatem
1087 1820 1133 1900 'et

83 1943 200 2005 hostes
223 1942 264 2004 ad
287 1941 498 2004 occasionem
514 1950 735 2005 verterentur.
785 1939 989 2004 Ordovicum
1006 1940 1131 2017 civitas,

81 2039 180 2108 haud'
197 2045 302 2107 multo
327 2054 406 2107 ante
432 2045 613 2107 adventum
639 2044 721 2126 ejus,
748 2045 833 2107 alam
857 2044 891 2106 in
916 2044 1038 2107 finibus
1064 2045 1133 2108 suis

83 2157 240 2230 agentem
257 2167 361 2228 prope
377 2147 567 2210 universam
584 2148 775 2223 obtriverat,
791 2167 898 2229 eoque
914 2147 1008 2210 initio
1022 2157 1134 2210 erecta

82 2251 272 2332 provincia;
303 2261 337 2314 et
372 2251 492 2332 quibus
515 2250 640 2314 bellum
667 2251 858 2314 volentibus
886 2259 966 2325 erat,
992 2251 1133 2330 probare

83 2354 282 2435 exemplum,
314 2368 355 2418 ac‘
384 2349 530 2418 recentis
561 2354 664 2436 legati
694 2354 841 2418 animum
873 2353 1024 2435 opperiri,
1056 2374 1133 2417 cum

84 2457 254 2539 Agricola,
272 2478 472 2540 quamquam
495 2468 687 2522 transvecta
709 2468 829 2532 aestas,
848 2458 954 2539 sparsi
979 2478 1039 2538 per
1062 2477 1134 2538 pro-

82 2561 227 2625 vinciam
252 2562 391 2638 numeri,
420 2571 636 2642 praesumpta
659 2563 751 2643 apud
775 2562 914 2625 militem
942 2561 1029 2625 illius
1054 2561 1133 2624 anni

83 2664 186 2747 quies,
205 2665 299 2728 tarda
315 2674 348 2728 et
365 2665 531 2728 contraria
546 2665 671 2729 bellum
687 2665 893 2741 incohatum,
913 2674 947 2728 et
965 2665 1133 2747 plerisque

82 2768 243 2831 custodiri
256 2777 414 2849 suspecta
425 2769 536 2851 potius
548 2769 732 2845 videbatur,
745 2769 793 2832 ire
805 2769 937 2833 obviam
950 2768 1133 2832 discrimini

83 2871 220 2948 statuit;
237 2872 485 2954 contractisque
498 2872 669 2954 legionum
682 2873 811 2936 vexillis
828 2882 862 2936 et
877 2872 1008 2936 modica
1023 2872 1134 2936 auxili·

82 2995 181 3039 orum
209 2995 319 3051 manu,
348 2975 425 3057 quia
451 2975 485 3038 in
513 2996 656 3058 aequum
684 2977 821 3059 degredi
849 2975 1034 3039 Ordovices
1064 2996 1132 3038 non

82 3078 259 3154 audebant,
293 3079 365 3159 ipse
396 3089 475 3143 ante
505 3100 636 3161 agmen,
665 3100 731 3162 quo
762 3079 883 3143 ceteris
901 3100 973 3160 ,par
1002 3079 1133 3142 animus

84 3181 183 3244 simili
199 3182 346 3264 periculo
363 3193 463 3257 esset,
482 3183 587 3247 erexit
604 3183 717 3248 aciem.
755 3183 929 3265 Caesaque
945 3203 1048 3264 prope
1065 3183 1134 3245 uni-

81 3305 180 3349 versa
204 3295 315 3368 gente,
342 3307 410 3349 non
436 3287 572 3369 ignarus
597 3287 790 3350 instandum
814 3284 932 3364 famae,
961 3307 1008 3361 ac,
1035 3296 1133 3367 prout

82 3389 190 3470 prima
204 3390 397 3464 cessissent,
415 3399 577 3480 terrorem
595 3391 717 3455 ceteris
732 3389 813 3467 fore,
829 3392 967 3454 Monam
980 3391 1131 3466 insulam,
1168 3423 1193 3460 30

82 3491 178 3575 cujus
194 3494 410 3574 possessione
428 3504 620 3558 revocatum
638 3495 811 3558 Paulinum
831 3495 1014 3559 rebellione
1030 3494 1133 3558 totius

82 3596 276 3661 Britanniae
311 3619 411 3680 supra
445 3599 635 3675 memoravi,
673 3600 824 3682 redigere
860 3600 894 3662 in
931 3608 1132 3681 potestatem

80 3699 193 3762 animo
227 3701 381 3766 intendit.
455 3703 523 3767 Sed
565 3713 601 3766 ut
636 3703 669 3765 in
701 3704 809 3766 dubiis
841 3703 988 3767 consiliis
1030 3721 1133 3764 naves

80 3803 239 3880 deerant;
264 3806 347 3868 ratio
366 3817 400 3870 et
417 3807 607 3871 constantia
622 3808 716 3871 ducis
733 3807 932 3870 transvexit.
959 3803 1145 3880 Bepas‘s'xs
1195 3802 1197 3805 ’

80 3908 235 3971 omnibus
261 3909 402 3975 sarcinis
442 3911 652 3978 lectissimos
676 3911 910 3981 aurdliarium,
934 3905 1067 3984 duleus
1085 3905 1182 3954 nsua
1213 3913 1246 3948 ³ss
