2550 4252
145 938 286 1030 THE
330 937 482 1030 LIFE
526 937 614 1031 OF
657 936 1022 1087 AGRIQQLA.

772 1141 986 1196 ²drtanurrs

514 1201 652 1231 —000—-1

832 1251 954 1297 arsere

102 1420 122 1464 1.
157 1399 360 1463 Cranonurr
386 1398 532 1462 virorum
558 1394 647 1461 facta
672 1417 848 1481 moresque
875 1397 1018 1480 posteris
1045 1406 1107 1462 tra·

57 1505 145 1577 dere,
163 1503 347 1586 antiquitus
363 1503 532 1576 usitatum,
551 1521 595 1565 ne
610 1501 735 1565 nostris
751 1501 884 1585 quidem
901 1502 1107 1583 temporibus

57 1627 257 1690 quamquam
296 1606 462 1669 incuriosa
500 1625 635 1669 suorum
669 1614 762 1669 aetas
796 1605 916 1681 omisit,
952 1605 1107 1688 quotiens

57 1731 180 1794 magna
200 1709 308 1793 aliqua
328 1730 367 1773 ac
388 1707 509 1773 nobilis
531 1708 636 1772 virtus
657 1708 738 1772 vicit
759 1729 797 1772 ac
819 1729 1035 1792 supergressa
1055 1717 1108 1772 est

57 1814 174 1878 vitium
196 1814 306 1895 parvis
326 1813 523 1896 magnisque
540 1811 731 1876 civitatibus
751 1833 940 1889 commune,
956 1813 1108 1896 ignoran-
1154 1841 1166 1881 s

57 1918 139 1982 tiam
155 1917 237 1981 recti
254 1927 288 1982 et
304 1917 470 1981 invidiam.
511 1915 578 1981 Sed
595 1917 682 1999 apud
698 1916 826 1998 priores
842 1926 880 1980 ut
895 1937 995 2000 agere
1007 1917 1108 2000 digna

58 2030 244 2085 memoratu
259 2041 402 2102 pronum
421 2020 595 2104 magisque
614 2021 648 2083 in
667 2031 783 2102 aperto
803 2030 883 2098 crat,
901 2020 948 2083 ita
965 2020 1109 2084 celeber-

58 2125 161 2188 rimus
178 2125 317 2208 quisque
333 2124 469 2208 ingenio
486 2125 527 2188 ad
539 2125 745 2205 prodendam
758 2123 891 2187 virtutis
903 2124 1105 2200 memoriam,

59 2229 133 2292 sine
159 2228 266 2310 gratia
291 2238 349 2292 aut
374 2228 565 2305 ambitione,
591 2228 700 2291 bonae
724 2237 857 2291 tantum
882 2227 1108 2291 conscientiae

59 2332 166 2414 pretio
183 2333 374 2397 ducebatur.
422 2331 477 2396 Ac
493 2331 644 2415 plerique
660 2352 754 2395 suam
772 2331 835 2414 ipsi
851 2331 953 2395 vitam
975 2352 1109 2396 narrare
1144 2366 1168 2395 ιο

59 2436 213 2499 fiduciam
226 2436 338 2517 potius
351 2456 481 2499 morum
505 2456 604 2518 quam
617 2435 841 2517 arrogantiam
853 2434 1003 2499 arbitrati
1019 2445 1106 2511 sunt,

59 2560 123 2603 nec
148 2539 181 2602 id
206 2538 334 2602 Rutilio
358 2549 392 2602 et
415 2539 540 2603 Scauro
565 2538 649 2603 citra
671 2539 772 2602 fidem
793 2548 851 2602 aut
872 2538 1109 2602 obtrectationi

58 2641 142 2720 fuit3
165 2643 248 2706 adeo
264 2643 407 2706 virtutes
424 2643 542 2706 iisdem
559 2642 766 2724 temporibus
786 2642 912 2724 optime
934 2642 1112 2706 aestiman¹⁴

59 2756 122 2822 tur,
155 2745 274 2829 quibus
305 2741 462 2809 facillime
493 2745 686 2829 gignuntur.
734 2744 785 2808 At
815 2766 906 2809 nunc
936 2754 1108 2809 narraturo

59 2849 140 2912 mihi
156 2849 258 2912 vitam
275 2845 425 2912 defuncti
441 2849 595 2926 hominis,
609 2848 709 2930 uenia
724 2869 808 2931 opus
823 2846 906 2926 fuit3
929 2869 1028 2932 quam
1040 2869 1109 2911 non
1145 2878 1168 2918 ιε

58 2953 220 3036 petissem
248 2952 460 3015 incusaturus
491 2961 560 3016 tam
591 2973 691 3016 saeva
717 2961 757 3016 ct
781 2950 905 3016 infesta
929 2951 1109 3014 virtutibus

58 3067 219 3138 tempora

39 3150 41 3155 ¹
103 3179 138 3225 rr.
172 3158 343 3243 Legimus,
362 3180 438 3222 cum
459 3157 612 3222 Aruleno
638 3158 779 3222 Rustico
805 3158 925 3221 Paetus
949 3158 1107 3234 Thrasea,

60 3264 236 3328 Herennio
262 3261 442 3327 Senecioni
467 3262 598 3326 Priscus
627 3261 806 3325 Helvidius
833 3260 957 3324 laudati
984 3270 1107 3338 essent,

58 3366 201 3449 capitale
223 3363 348 3444 fuisse3
375 3386 485 3449 neque
509 3365 543 3429 in
567 3365 659 3447 ipsos
681 3367 780 3429 modo
804 3374 967 3440 auctores,
993 3365 1109 3428 sedin
1144 3391 1170 3419 ω

47 3470 161 3535 ‘libros
184 3490 317 3554 quoque
340 3489 455 3532 eorum
479 3469 652 3546 saevitum,
675 3468 830 3552 delegato
852 3468 1033 3532 triumviris
1054 3467 1111 3530 mi·

58 3573 207 3651 nisterio,
236 3582 274 3636 ut
304 3581 524 3636 monumenta
550 3571 809 3635 clarissimorum
837 3571 1047 3655 ingeniorum
1075 3571 1110 3633 in

58 3678 194 3742 comitio
226 3697 264 3740 ac
290 3672 363 3739 foro
395 3685 579 3740 urerentur.
630 3674 767 3739 Scilicet
797 3674 853 3738 illo
884 3676 963 3757 igne
982 3693 1111 3768 ivocem

58 3781 173 3863 populi
202 3778 348 3842 Romani
375 3788 410 3842 et
435 3778 627 3843 libertatem
650 3788 794 3843 senatus
816 3787 856 3842 et
876 3775 1136 3840 consuendam

51 3884 188 3966 generis
206 3883 347 3949 humani
370 3883 502 3952 aboleri
523 3885 805 3960 arbitrabantur,
828 3875 992 3962 eunuls'rs
1006 3871 1167 3940 ‘insons‘
1201 3881 1237 3917 ²²³

984 3999 1007 4036 K
