2550 4252
408 228 518 292 Death
540 229 580 310 of
595 227 758 312 Agricola.
1068 245 1110 310 27

52 426 205 498 ereptus,
222 422 384 497 quantum
401 414 442 477 ad
458 412 606 496 gloriam,
625 410 856 495 longissimum
879 432 997 477 aevum
1020 434 1111 496 pere-

52 521 129 604 git;
152 518 275 602 quippe
292 527 325 581 et
345 537 424 582 vera
446 518 542 594 bona,
560 536 645 598 quae
668 516 702 578 in
726 515 907 580 virtutibus
932 516 996 580 sita
1019 529 1108 595 sunt,

54 623 266 707 impleverat,
293 631 327 686 et
355 620 520 685 consulari
544 640 583 684 ac
614 619 872 702 triumphalibus
904 622 1109 686 ornamentis

54 727 211 811 praedito
232 725 311 808 quid
333 723 422 788 aliud
438 725 611 788 adstruere
627 721 762 787 iortuna
778 727 933 807 poterat?
979 724 1108 808 Opibus

54 830 172 895 nimiis
188 850 256 893 non
275 828 451 910 gaudebat,
470 827 641 909 speciosae
654 828 874 911 contigerant.
909 827 995 892 Filia
1009 838 1109 911 atque

54 954 162 998 uxore
175 932 422 1015 superstitibus,
436 940 549 1023 potest
561 931 666 997 videri
679 932 780 996 etiam
793 934 929 1010 beatus3
951 931 1109 996 incolumi

54 1037 233 1120 dignitate,
250 1036 392 1100 florente
414 1033 511 1113 fama,
538 1035 638 1100 salvis
662 1036 881 1100 affinitatibus
901 1045 935 1100 et
953 1036 1109 1100 amicitiis

55 1139 173 1205 futura
195 1137 363 1223 effugisse.
412 1140 500 1203 Nam
517 1139 615 1204 sicuti
631 1161 694 1204 non
712 1140 808 1204 licuit
821 1141 941 1205 durare
964 1140 998 1203 in
1023 1141 1109 1205 hanc

55 1244 245 1310 beatissimi
261 1242 385 1308 saeculi
401 1242 510 1308 lucem
526 1264 565 1307 ac
582 1243 767 1326 principem
784 1244 967 1326 Trajanum
984 1244 1108 1322 videre,

56 1349 148 1432 quod
170 1348 308 1431 augurio
323 1347 478 1430 votisque
501 1349 588 1429 apud
612 1357 744 1412 nostras
767 1368 864 1411 aures
888 1348 1108 1425 ominabatur,

56 1452 108 1516 ita
122 1449 302 1516 festinatae
318 1452 436 1515 mortis
452 1453 579 1534 grande
595 1451 754 1515 solacium
772 1450 859 1528 tulit,
874 1451 1022 1515 evasisse
1038 1472 1111 1534 pos-

56 1567 205 1619 tremum
237 1554 318 1618 illud
349 1564 492 1636 tempus,
521 1575 587 1637 quo
615 1555 830 1618 Domitianus
858 1575 925 1618 non
956 1554 1024 1636 jam
1052 1575 1112 1637 per

57 1657 237 1722 intervalla
262 1679 301 1722 ac
333 1659 537 1740 spiramenta
567 1668 765 1740 temporum,
794 1659 853 1722 sed
885 1657 1045 1722 continuo
1076 1668 1110 1722 et

57 1762 153 1827 velut
177 1784 244 1826 uno
267 1762 337 1825 ictu
354 1760 591 1842 rempublicam
617 1760 778 1824 exhausit.
827 1780 904 1826 va.
935 1762 1013 1824 Non
1029 1761 1112 1825 vidit

58 1864 223 1948 Agricola
249 1866 421 1929 obsessam
448 1865 572 1928 curiam
601 1875 634 1928 et
661 1865 809 1929 clausurn
834 1866 934 1930 armis
958 1877 1111 1931 senatum

57 1980 95 2034 et
121 1971 237 2034 eadem
261 1978 374 2050 strage
399 1978 449 2031 tot
479 1968 701 2032 consularium
725 1970 854 2047 caedes,
872 1979 922 2032 tot
949 1970 1114 2033 nobilissi-

57 2093 189 2137 marum
204 2070 404 2135 feminarum
421 2072 537 2135 exsilia
553 2082 586 2134 et
603 2069 708 2154 fugas.
756 2073 835 2135 Una
849 2073 957 2135 adhuc
973 2073 1113 2136 victoria

58 2176 168 2240 Carus
185 2175 311 2239 Metius
335 2176 545 2252 censebatur,
564 2184 597 2238 et
620 2175 708 2238 intra
728 2174 896 2237 Albanam
913 2195 1024 2238 arcem
1041 2196 1113 2238 sen-

56 2279 169 2344 tentia
192 2276 366 2342 Messalini
391 2279 571 2361 strepebat,
589 2288 623 2342 et
641 2279 755 2341 Massa
772 2277 916 2341 Baebius
939 2287 1010 2340 turn
1035 2299 1111 2341 reus

57 2393 140 2448 erat.
180 2383 260 2446 Mox
283 2392 419 2445 nostrae
442 2383 565 2445 duxere
584 2380 778 2444 Helvidium
799 2380 833 2443 in
857 2401 1023 2444 carcerem
1047 2402 1112 2445 ma-

56 2507 133 2564 nus,
153 2507 215 2550 nos
240 2485 381 2550 Maurici
407 2485 606 2567 Rusticique
626 2485 728 2562 visus,
757 2506 818 2548 nos
844 2485 1015 2549 innocenti
1041 2506 1112 2550 san-

55 2591 162 2675 guine
185 2589 328 2654 Senecio
351 2586 506 2671 perfudit.
555 2589 647 2652 Nero
670 2599 784 2652 tamen
808 2588 972 2652 subtraxit
998 2588 1110 2654 oculos

54 2715 139 2759 suos
173 2693 341 2777 jussitque
371 2692 506 2770 scelera,
535 2713 602 2757 non
631 2693 818 2774 spectavit;
849 2693 1026 2774 praecipua
1049 2695 1111 2757 sub

56 2798 255 2862 Domitiano
278 2797 486 2860 miseriarum
510 2818 586 2879 pars
612 2806 682 2860 erat
707 2797 821 2860 videre
846 2806 880 2860 et
904 2796 1016 2879 aspici,
1035 2819 1110 2860 curn
1147 2823 1158 2848 2

56 2901 202 2983 suspiria
232 2910 348 2965 nostra
385 2901 685 2976 subscriberentur,
719 2921 793 2963 cum
828 2900 1028 2963 denotandis
1059 2911 1110 2963 tot

55 3004 231 3069 hominum
248 3003 428 3087 palloribus
445 3004 613 3067 sufficeret
628 3024 746 3066 saevus
763 3002 819 3066 ille
829 3001 941 3065 vultus
955 3010 989 3065 et
1000 3002 1109 3078 rubor,

54 3128 124 3191 quo
141 3127 177 3170 se
194 3117 311 3171 contra
327 3108 487 3188 pudorem
504 3106 684 3170 muniebat.

100 3216 155 3280 Tu
171 3235 250 3278 vero
273 3211 363 3290 felix,
388 3208 559 3294 Agricola,
584 3229 651 3272 non
675 3207 765 3271 vitae
789 3215 921 3270 tantum
946 3201 1107 3279 claritate,

54 3320 118 3385 sed
157 3318 257 3382 etiam
296 3314 548 3398 opportunitate
586 3312 712 3376 mortis.
762 3310 812 3375 Ut
843 3307 1021 3390 perhibent
1053 3305 1109 3388 qui

55 3419 284 3488 interfuerunt
316 3416 508 3482 novissimis
536 3415 746 3479 sermonibus
777 3412 855 3491 tuis,
885 3420 1044 3475 constans
1076 3419 1110 3473 et
1145 3428 1170 3467 ³0

55 3527 169 3590 libens
184 3520 291 3587 iatum
305 3519 477 3603 excepisti,
491 3528 661 3600 tamquam
675 3537 734 3598 pro
745 3515 833 3579 virili
850 3514 1004 3599 portione
1021 3514 1112 3577 inno-

55 3626 205 3695 centiam
222 3625 365 3709 principi
381 3626 532 3689 donares.
567 3621 636 3685 Sed
651 3620 733 3684 mihi
750 3619 903 3702 filiaeque
920 3619 1003 3701 ejus,
1021 3637 1112 3699 prae-

55 3743 113 3797 ter
128 3730 347 3795 acerbitatem
368 3726 518 3810 parentis
542 3725 658 3807 erepti,
675 3732 776 3807 auget
793 3722 1005 3798 maestitiam,
1024 3719 1111 3802 quod

56 3833 209 3901 assidere
239 3831 433 3908 valetudini,
465 3825 579 3892 fovere
617 3827 844 3903 deficientem,
873 3823 992 3888 satiari
1016 3820 1120 3883 uultu

53 3935 299 4019 complexuque
329 3956 400 4002 non
433 3933 605 4021 contigit,
637 3932 901 4016 excepissemus
928 3932 1030 3987 certe
1049 3935 1153 3978 mas·
1182 3928 1218 3967 ss
