2550 4252
179 283 222 347 24
502 262 567 327 Tae
588 262 667 344 Life
688 263 729 344 of
743 260 905 345 Agricola.

178 459 360 531 utcumque
375 445 505 512 facilius
529 443 739 522 dissimulari,
757 443 851 509 ducis
867 426 954 510 ’boni
978 444 1226 528 imperatoriam
1267 438 1269 517 ἶ

177 553 337 616 virtutem
354 571 438 616 esse.
482 549 621 613 Talibus
637 548 725 612 curis
742 547 918 627 exercitus,
936 551 1093 634 quodque
1110 572 1227 617 saevae
1267 554 1269 603 :

178 655 392 738 cogitationis
418 653 577 717 indicium
606 661 686 730 erat,
715 661 845 722 secreto
873 672 934 718 suo
965 653 1119 733 satiatus,
1149 656 1228 738 opti·
1267 710 1269 727 ,

178 780 268 823 mum
285 759 319 821 in
335 757 525 840 praesentia
541 755 659 819 statuit
676 774 838 837 reponere
855 755 977 834 odium,
994 757 1103 822 donec
1130 759 1228 841 impc-
1267 762 1269 767 '

119 891 132 932 5
177 872 232 926 tus
252 860 361 926 famae
382 869 416 924 et
437 857 532 923 favor
552 858 718 923 exercitus
740 857 993 941 languesceret3
1016 880 1095 923 nam
1116 862 1227 926 etiam-

177 976 249 1029 tum
265 963 427 1048 Agricola
443 963 650 1027 Britanniam
667 962 850 1027 obtinebat.

221 1088 275 1133 Χῖ..
309 1068 417 1150 Igitur
433 1066 647 1148 triumphalia
662 1075 860 1130 ornamenta
875 1077 909 1131 et
931 1066 1071 1131 illustris
1096 1076 1226 1134 statuae

177 1172 338 1235 honorem
354 1181 387 1235 et
406 1170 563 1253 quicquid
583 1190 642 1250 pro
666 1169 835 1250 triumpho
859 1170 965 1248 datur,
984 1171 1091 1236 multo
1115 1175 1226 1237 verbo

177 1296 250 1338 rum
272 1275 399 1338 honore
417 1273 594 1349 cumulata,
611 1273 746 1336 decerni
767 1273 800 1335 in
821 1284 940 1337 senatu
958 1274 1063 1357 jubet,
1084 1277 1225 1360 addique

120 1408 145 1436 ιο
178 1378 314 1460 insuper
339 1377 540 1459 opinionem,
566 1376 697 1461 Syriam
721 1376 926 1458 provinciam
949 1377 1135 1461 Agricolae
1159 1382 1226 1445 des·

177 1482 287 1559 tinari,
318 1502 456 1545 vacuam
487 1490 559 1542 tum
591 1489 699 1542 morte
730 1479 830 1542 Atilii
862 1481 940 1544 Rufi
976 1482 1164 1548 consularis
1194 1493 1224 1548 et

178 1585 359 1667 majoribus
383 1593 594 1647 reservatam.
643 1583 824 1646 Credidere
841 1583 990 1667 plerique
1011 1585 1171 1650 libertum
1188 1608 1225 1651 ex

179 1688 413 1751 secretioribus
437 1686 634 1750 ministeriis
659 1686 798 1749 missum
817 1688 859 1750 ad
875 1687 1070 1770 Agricolam
1096 1691 1226 1755 codicil-

178 1791 238 1866 los,
255 1791 375 1872 quibus
399 1790 430 1853 ei
454 1791 551 1874 Syria
573 1790 723 1866 dabatur,
741 1790 860 1854 tulisse
880 1812 955 1855 cum
978 1803 1161 1875 praecepto
1180 1804 1239 1872 ut,

121 1925 144 1964 ις
179 1893 207 1956 si
230 1894 264 1955 in
289 1893 462 1956 Britannia
484 1890 582 1969 ioret,
599 1894 830 1972 traderentur3
855 1915 997 1978 eumque
1014 1896 1174 1962 libertum
1193 1899 1224 1961 in

178 1997 251 2078 ipso
273 1994 360 2060 ireto
385 1995 512 2060 Oceani
528 1996 663 2060 obvium
686 1996 876 2079 Agricolae,
902 2020 945 2062 ne
968 2000 1137 2082 appellato
1161 2002 1225 2085 qui-

178 2102 253 2165 dem
279 2121 328 2178 e0,
350 2102 391 2164 ad
419 2100 650 2164 Domitianum
676 2121 863 2168 remeasse:
891 2103 962 2166 sive
983 2123 1101 2167 verum
1126 2105 1223 2184 istud,
1264 2164 1268 2171 .

178 2205 248 2269 sive
275 2226 316 2268 ex
342 2204 477 2287 ingenio
504 2203 665 2286 principis
692 2205 807 2267 fictum
838 2225 877 2269 ac
908 2207 1132 2288 compositum
1164 2221 1222 2274 est.

177 2309 373 2371 Tradiderat
390 2307 525 2370 interim
541 2306 704 2389 Agricola
725 2308 910 2372 successori
935 2330 995 2373 suo
1018 2313 1223 2393 provinciam

119 2445 144 2471 ω
176 2411 323 2493 quietam
339 2420 523 2492 tutamque.
569 2410 624 2474 Ac
647 2431 690 2474 ne
713 2411 870 2476 notabilis
887 2413 1084 2479 celebritate
1107 2426 1143 2481 et
1166 2416 1225 2483 ire-

177 2514 314 2595 quentia
336 2513 583 2577 occurrentium
608 2514 765 2578 introitus
790 2526 890 2595 esset,
912 2517 1019 2582 vitato
1042 2520 1224 2585 amicorum

176 2617 294 2694 officio,
312 2627 415 2681 noctu
436 2617 470 2679 in
487 2618 613 2694 urbem,
632 2628 734 2681 noctu
758 2619 792 2681 in
816 2619 985 2701 palatium,
1004 2622 1051 2686 ita
1074 2634 1112 2710 ut
1136 2647 1225 2708 prae-

176 2730 310 2802 ceptum
332 2730 413 2798 erat,
430 2721 523 2784 venit
536 2742 544 2798 ;
567 2730 795 2804 exceptusque
818 2724 911 2787 brevi
935 2726 1049 2789 osculo
1074 2737 1108 2791 et
1133 2730 1223 2793 nullo

176 2843 330 2886 sermone
345 2824 464 2887 turbae
481 2824 699 2887 servientium
715 2825 883 2890 immistus
900 2838 961 2892 est.
1000 2829 1172 2910 Ceterum,
1189 2841 1224 2896 ut
1252 2838 1255 2843 ’

118 2960 141 2997 ,5
176 2926 319 2990 militare
335 2946 467 3003 nomen,
485 2946 586 3009 grave
603 2927 691 2990 inter
707 2928 843 3006 otiosos,
856 2930 930 2993 aliis
945 2931 1128 2997 virtutibus
1145 2944 1226 2999 tem-

175 3039 316 3111 peraret,
330 3030 608 3112 tranquillitatem
625 3040 727 3113 atque
742 3032 848 3095 otium
865 3034 999 3115 penitus
1016 3037 1117 3114 auxit,
1132 3037 1226 3103 cultu

174 3133 324 3196 modicus
345 3154 499 3198 sermone
514 3131 632 3211 facilis,
651 3156 716 3198 uno
732 3145 789 3199 aut
806 3136 911 3200 altero
928 3138 1109 3203 amicorum
1127 3143 1226 3205 comi-

174 3245 274 3312 tatus,
295 3237 377 3299 adeo
398 3246 434 3298 ut
457 3236 606 3318 plerique
629 3237 749 3318 quibus
773 3258 913 3320 magnos
928 3239 1018 3303 viros
1041 3261 1102 3322 per
1125 3245 1227 3308 ambi-

100 3338 102 3343 ’
174 3337 303 3400 tionem*
329 3339 506 3403 aestimare
533 3360 606 3403 mos
633 3349 695 3416 est,
723 3340 796 3404 viso
824 3352 1027 3426 aspectoque
1051 3344 1224 3428 Agricola,

116 3475 142 3512 30
175 3451 372 3523 quaererent
395 3438 528 3519 famam,
553 3443 649 3524 pauci
673 3443 982 3526 interpretarentur.

217 3563 286 3608 xer.
320 3544 446 3608 Crebro
471 3566 530 3626 per
553 3566 610 3609 eos
634 3546 706 3610 dies
733 3549 820 3629 apud
845 3549 1077 3614 Domitianum
1101 3553 1225 3619 absens

173 3658 359 3726 accusatus,
388 3650 510 3712 absens
541 3650 714 3714 absolutus
742 3661 803 3716 est.
852 3653 962 3717 Causa
988 3655 1130 3737 periculi
1157 3679 1223 3724 non

134 3794 137 3800 -
173 3753 299 3817 crimen
316 3753 419 3816 ullum
437 3762 494 3816 aut
511 3752 659 3835 querella
674 3753 756 3817 laesi
773 3755 979 3839 cujusquam,
994 3759 1054 3821 sed
1070 3758 1226 3826 infensus

172 3857 352 3920 virtutibus
366 3856 526 3940 princeps
543 3865 577 3920 et
602 3855 707 3939 gloria
720 3858 784 3920 viri
806 3879 844 3923 ac
868 3861 1051 3941 pessimum
1076 3862 1228 3930 inimico-

88 3982 116 4016 ³5
150 3977 228 4021 rum
241 3981 368 4042 genua,
388 3961 582 4029 laudantes.
633 3962 682 4027 Et
698 3981 741 4026 ea
753 3961 913 4026 insecuta
931 3971 1015 4024 sunt
1030 3963 1239 4042 reipublicae
