2550 4252
365 219 487 282 Revolt
506 221 547 302 os
562 219 615 282 the
639 217 861 303 Calqdom‘ans.
1098 233 1133 300 15

85 409 245 472 adversus
276 408 484 472 Britanniam
515 407 733 490 profuturum,
768 409 795 472 si
828 411 981 473 Romana
1014 409 1136 492 ubique

84 534 185 589 arma,
204 522 238 576 et
253 512 346 575 velut
362 533 381 576 e
397 522 581 595 conspectu
597 513 733 577 libertas
749 513 930 578 tolleretur.

129 635 211 680 xxv.
246 601 404 680 Ceterum
439 625 577 693 aestate,
610 637 675 698 qua
711 627 840 680 sextum
876 616 976 680 officii
1011 638 1136 681 annum

85 720 274 795 incohabat,
307 719 479 800 amplexus
511 719 664 784 civitates
695 730 787 784 trans
820 721 1012 784 Bodotriam
1043 723 1133 796 sitaS,

85 824 164 906 quia
179 833 289 886 motus
305 823 535 887 universarum
552 823 639 887 ultra
654 824 805 906 gentium
823 834 856 888 et
870 823 993 888 infesta
1004 826 1134 915 hostilis
1170 855 1182 893 s

85 927 251 991 exercitus
275 926 395 990 itinera
418 927 630 1001 timebantur,
656 937 772 1008 portus
804 927 911 992 classe
942 929 1134 1010 exploravit.

87 1031 184 1112 Quae
207 1030 248 1092 ab
264 1029 425 1112 Agricola
447 1030 589 1112 primum
613 1040 784 1112 assumpta
807 1031 841 1093 in
865 1041 993 1113 partem
1015 1032 1134 1094 virium

85 1133 289 1216 sequebatur
308 1135 443 1216 egregia
462 1134 582 1215 specie,
600 1142 676 1197 cum
701 1135 798 1198 simul
822 1144 911 1199 terra
933 1135 1030 1198 simul
1054 1136 1135 1199 mari

85 1236 211 1300 bellum
248 1224 483 1318 impelleretur,
519 1258 557 1301 ac
588 1257 688 1318 saepe
725 1238 841 1301 iisdem
881 1239 997 1302 castris
1031 1240 1134 1319 pedes

85 1360 255 1423 equesque
273 1349 307 1404 et
323 1341 476 1404 nauticus
500 1341 604 1417 miles,
624 1341 714 1404 misti
738 1341 842 1422 copiis
866 1351 900 1404 et
922 1341 1057 1417 laetitia,
1076 1363 1135 1404 sua
1171 1367 1194 1392 10

85 1444 227 1526 quisque
247 1441 337 1508 facta
358 1465 435 1507 suos
452 1464 549 1507 casus
565 1444 758 1508 attollerent
769 1465 777 1521 ;
801 1465 839 1508 ac
858 1446 957 1508 modo
979 1445 1134 1508 silvarum

85 1568 123 1611 ac
141 1547 305 1611 montium
328 1545 501 1630 profunda,
527 1548 625 1611 modo
649 1557 888 1629 tempestatum
911 1569 950 1612 ac
973 1549 1134 1612 fluctuum

84 1653 234 1728 adversa,
251 1651 331 1715 hinc
346 1661 434 1715 terra
450 1661 484 1714 et
505 1652 621 1728 hostiS,
640 1652 718 1715 hinc
741 1652 850 1715 victus
875 1651 1030 1716 Oceanus
1054 1652 1135 1715 mili-

85 1755 149 1818 tari
164 1755 325 1836 jactantia
344 1764 624 1835 compararentur.
673 1755 853 1819 Britannos
877 1775 1016 1838 quoque,
1034 1766 1071 1819 ut
1094 1776 1135 1819 ex

85 1858 226 1940 captivis
257 1859 461 1933 audiebatur,
487 1859 702 1949 visaclassis
729 1857 1026 1941 obstupefaciebat,
1055 1869 1135 1922 tam·
1171 1888 1193 1925 ιε

73 1983 184 2044 ‚quam
208 1971 323 2043 aperto
337 1963 436 2025 maris
450 1962 501 2025 sui
514 1973 644 2026 secreto
668 1963 822 2026 ultimum
834 1963 931 2026 victis
945 1960 1134 2045 periugium

85 2066 302 2130 clauderetur.
350 2065 407 2128 Ad
429 2062 547 2129 manus
570 2075 604 2129 et
628 2086 719 2129 arma
742 2066 894 2130 conversi
919 2066 1133 2129 Caledoniam

85 2170 273 2233 incolentes
289 2169 411 2250 populi,
430 2179 546 2250 paratu
570 2189 701 2251 magn0,
726 2170 852 2251 majore
875 2166 972 2242 lama,
990 2169 1038 2231 uti
1061 2190 1133 2232 mos

85 2282 138 2337 est
161 2274 203 2336 de
226 2273 359 2355 ignotis,
377 2293 572 2355 oppugnare
597 2273 684 2336 ultro
708 2272 845 2336 castella
867 2273 982 2347 adorti,
1008 2282 1133 2336 metum

85 2386 122 2441 ut
164 2386 384 2458 provocantes
423 2373 645 2452 addiderant;
683 2376 1005 2458 regrediendumque
1051 2377 1134 2440 eitra
1169 2400 1195 2427 20

84 2481 288 2554 Bodotriam,
321 2490 354 2544 et
385 2480 613 2544 excedendum
645 2480 755 2561 potius
790 2499 888 2562 quam
919 2479 1132 2560 pellerentur,

85 2584 197 2667 ignavi
228 2583 340 2664 specie
373 2584 588 2665 prudentium
622 2584 856 2658 admonebant,
891 2604 966 2647 cum
1000 2584 1133 2647 interim

84 2688 260 2770 cognoscit
285 2688 401 2751 hostes
428 2687 578 2768 pluribus
609 2688 797 2769 agminibus
828 2687 1020 2768 irrupturos
1068 2688 1123 2751 Ac

84 2812 129 2855 ne
152 2801 332 2874 superante
355 2811 493 2854 numero
517 2800 551 2854 et
573 2791 694 2872 peritia
716 2790 864 2854 locorum
895 2791 1132 2865 circumiretur,

84 2895 191 2959 diviso
208 2904 242 2958 et
258 2895 380 2976 ipsein
397 2904 465 2957 tres
482 2887 594 2975 partes
612 2895 759 2958 exercitu
776 2894 922 2959 incessit.
1169 2918 1193 2954 2⁵

129 3004 234 3063 xxvr.'
258 2998 357 3079 Quod
396 2998 452 3061 ubi
488 2998 661 3080 cognitum
699 2999 797 3073 hosti,
830 3007 958 3061 mutato
996 3008 1134 3078 repente

84 3102 233 3178 consilio,
252 3102 399 3166 universi
415 3122 536 3165 nonam
560 3101 727 3183 legionem
745 3110 782 3164 ut
799 3101 939 3163 maxime
956 3101 1132 3163 invalidam

84 3216 186 3270 nocte
209 3206 368 3288 aggressi,
394 3206 482 3269 inter
505 3226 660 3268 somnum
684 3225 722 3268 ac
746 3204 1003 3285 trepidationem
1028 3205 1134 3268 caesis

82 3310 239 3392 vigilibus
268 3310 422 3391 irrupere.
470 3310 612 3392 Jamque
628 3310 662 3371 in
680 3308 760 3390 ipsis
780 3307 897 3372 castris
914 3309 1133 3390 pugnabatur,

84 3434 161 3478 cum
177 3412 348 3496 Agricola,
367 3414 431 3476 iter
446 3413 594 3476 hostium
610 3414 652 3475 ab
665 3412 929 3493 exploratoribus
946 3413 1085 3475 edoctus
1102 3423 1135 3475 et
1171 3439 1195 3474 ³0

83 3515 237 3598 vestigiis
264 3517 446 3591 insecutus,
479 3516 709 3580 velocissimos
741 3516 889 3597 equitum
920 3516 1135 3599 peditumque

84 3620 248 3684 assultare
280 3620 383 3701 tergis
411 3620 632 3701 pugnantium
663 3619 767 3700 jubet,
793 3640 870 3681 mox
900 3620 941 3682 ab
972 3619 1136 3683 universis

82 3729 170 3794 adici
193 3726 395 3800 clamorem;
418 3732 451 3786 et
477 3721 663 3803 propinqua
685 3721 760 3784 luce
783 3717 906 3784 fulsere
930 3721 1033 3803 signa.
1083 3721 1137 3785 Ita

82 3830 220 3914 ancipiti
245 3828 333 3892 malo
358 3825 467 3889 territi
491 3824 665 3900 Britanni;
696 3832 729 3886 et
755 3823 920 3886 Romanis
947 3824 1054 3885 rediit
1072 3824 1147 3883 arix-

81 3955 165 4007 mus‚
178 3953 219 3996 ac
230 3929 340 3994 securi
354 3949 416 4012 pro
433 3927 544 3994 salute
557 3929 600 3994 de
614 3927 727 4013 gloria
736 3926 935 3992 certabant.
960 3920 1078 3982 libro
1088 3916 1181 3992 epm
1208 3927 1241 3958 Ἃ
