2550 4252
178 232 220 294 26
327 199 329 204 ’
502 226 567 290 'rae
589 225 667 308 refe
689 223 907 308 anguem.

178 433 286 496 neque
306 411 396 475 inani
418 409 601 493 jactatione
625 408 789 471 libertatis
812 405 934 470 famam
958 403 1136 490 fatumque
1161 428 1223 491 pro

177 517 326 580 vocabat.
375 514 500 590 Sciant,
519 513 639 595 quibus
663 511 763 574 moris
785 521 836 574 est
857 510 972 574 illicita
987 511 1111 589 mirari,
1130 531 1223 594 posse

178 621 278 684 etiam
296 619 357 683 sub
374 617 469 682 malis
486 616 692 698 principibus
711 635 850 697 magnos
866 614 955 677 viros
972 635 1057 691 esse,
1076 615 1224 698 obsequi-

179 745 301 806 umque
324 744 362 786 ac
385 720 593 796 modestiam,
619 719 646 782 si
670 718 834 782 industria
857 738 894 782 ac
919 718 1014 800 vigor
1040 719 1167 795 adsint,
1191 738 1225 782 eo

179 827 284 892 laudis
301 827 471 901 excedere,
486 843 550 906 quo
567 822 717 904 plerique
733 842 792 904 per
808 822 957 904 abrupta,
972 822 1031 885 sed
1048 821 1084 884 in
1101 821 1225 885 nullum

179 930 380 1014 reipublicae
397 949 503 1005 usum,
521 927 697 990 ambitiosa
713 936 820 988 morte
838 925 1076 990 inclaruerunt.

222 1053 318 1098 xuru.
352 1032 446 1095 Finis
463 1032 552 1096 vitae
568 1031 641 1113 ejus
658 1029 755 1093 nobis
772 1029 954 1106 luctuosus
972 1029 1090 1092 amicis
1110 1028 1225 1105 tristis,

180 1138 345 1203 extraneis
370 1137 471 1201 etiam
495 1134 685 1218 ignotisque
707 1153 774 1217 non
792 1133 865 1196 sine
881 1153 960 1197 cura
975 1130 1048 1196 luit.
1097 1131 1226 1215 Vulgus

180 1262 310 1325 quoque
335 1251 368 1306 et
394 1241 449 1304 hic
474 1239 563 1303 aliud
590 1258 693 1321 agens
721 1234 863 1319 populus
892 1245 925 1299 et
950 1236 1165 1301 ventitavere
1191 1237 1227 1300 ad

179 1347 314 1409 domum
340 1355 374 1409 et
401 1365 461 1426 per
485 1341 557 1407 lora
579 1352 612 1406 et
637 1340 778 1405 circulos
803 1339 906 1404 locuti
930 1350 1029 1405 sunt:
1057 1360 1122 1404 nec
1147 1340 1229 1423 quis·

179 1471 278 1532 quam
291 1448 404 1513 audita
419 1457 527 1511 morte
539 1445 720 1529 Agricolae
736 1454 792 1508 aut
810 1443 953 1507 laetatus
971 1453 1022 1507 est
1040 1454 1099 1506 aut
1117 1444 1228 1508 statim

140 1624 144 1631 ,
180 1553 312 1617 oblitus,
351 1552 511 1634 Augebat
528 1549 776 1613 miserationem
793 1558 953 1612 constans
969 1568 1083 1616 rumor
1099 1567 1228 1611 veneno

181 1657 429 1739 interceptum;
467 1653 563 1717 nobis
598 1653 680 1716 nihil
716 1652 878 1733 comperti
913 1652 1078 1715 affirmare
1114 1652 1226 1715 ausim.

182 1760 340 1824 Ceterum
364 1777 578 1839 peromnem
602 1755 829 1820 valetudinem
853 1755 936 1837 ejus,
957 1755 1108 1819 crebrius
1134 1776 1228 1839 quam

181 1883 222 1926 ex
238 1883 329 1926 more
346 1861 552 1944 principatus
573 1879 633 1942 per
654 1861 790 1923 nuntios
807 1859 957 1936 visentis,
975 1869 1009 1922 et
1033 1858 1228 1923 libertorum

181 1965 278 2048 primi
302 1975 335 2028 et
360 1964 564 2027 medicorum
588 1962 696 2025 intimi
712 1984 855 2040 venere;
879 1963 949 2026 sive
966 1983 1045 2026 cura
1061 1963 1144 2027 illud
1163 1963 1229 2027 sive

182 2068 353 2151 inquisitio
370 2077 449 2131 erat.
491 2066 654 2148 Supremo
667 2067 800 2148 quidem
818 2067 872 2130 die
888 2076 1059 2131 momenta
1071 2067 1147 2149 ipsa
1159 2067 1231 2131 defi-

182 2172 302 2237 cientis
319 2192 378 2253 per
393 2169 574 2253 dispositos
591 2191 743 2233 cursores
759 2170 913 2234 nuntiata
934 2171 1123 2248 constabat,
1142 2170 1230 2234 nullo

184 2277 342 2340 credente
367 2275 413 2338 sic
437 2272 615 2344 accelerari
640 2293 724 2355 quae
747 2272 854 2336 tristis
880 2273 1018 2338 audiret.
1076 2273 1230 2356 Speciem

184 2390 297 2444 tamen
313 2377 436 2442 doloris
452 2377 563 2441 animo
579 2375 740 2458 vultuque
757 2398 835 2459 prae
852 2398 888 2441 se
905 2378 991 2454 tulit,
1010 2398 1150 2442 securus
1166 2379 1231 2461 jam
1267 2408 1271 2461 r

185 2483 260 2559 odii,
278 2492 312 2545 et
329 2482 384 2564 qui
400 2478 530 2544 facilius
549 2479 773 2544 dissimularet
793 2481 950 2563 gaudium
973 2502 1072 2564 quam
1095 2492 1230 2546 metum.

186 2586 276 2650 Satis
300 2585 485 2661 constabat,
502 2583 590 2648 lecto
614 2592 818 2648 testamento
840 2585 1030 2668 Agricolae,
1049 2606 1116 2668 quo
1141 2587 1234 2650 cohe-

185 2690 297 2752 redem
329 2689 474 2770 optimae
505 2687 597 2751 uxori
621 2697 654 2751 et
682 2688 850 2769 piissimae
881 2689 969 2752 filiae
1001 2689 1234 2753 Domitianum

186 2792 328 2874 scripsit,
357 2792 517 2855 laetatum
544 2812 620 2855 eum
647 2791 739 2855 velut
767 2794 893 2856 honore
919 2792 1133 2875 judicioque;
1165 2803 1233 2858 tam

186 2916 284 2959 caeca
307 2905 341 2959 et
365 2905 521 2976 corrupta
543 2916 639 2959 mens
663 2895 805 2959 assiduis
829 2895 1077 2960 adulationibus
1097 2906 1181 2974 erat,
1200 2906 1234 2960 ut

186 3000 330 3064 nesciret
355 3020 375 3063 a
396 2999 484 3063 bono
508 3009 602 3082 patre
626 3020 693 3063 non
718 3000 818 3064 scribi
841 3001 999 3063 heredem
1021 2999 1086 3063 nisi
1111 3000 1234 3064 malum

185 3104 377 3186 principem.

228 3226 320 3272 xirv.
362 3208 471 3271 Natus
506 3216 577 3271 erat
608 3206 769 3289 Agricola
800 3205 884 3270 Gaio
917 3206 1061 3269 Caesare
1095 3208 1234 3271 tertium

186 3309 322 3373 consule
352 3310 467 3374 Idibus
494 3310 613 3391 Juniis,
638 3311 782 3373 excessit
806 3320 923 3393 quarto
951 3318 985 3374 et
1013 3309 1236 3394 quinquages-

186 3414 252 3476 imo
276 3434 373 3491 anno,
394 3413 523 3477 decimo
548 3411 719 3477 Kalendas
744 3414 963 3496 Septembris,
989 3411 1128 3496 Collega
1153 3414 1237 3479 Pris-

187 3537 291 3598 coque
307 3517 508 3582 consulibus.
545 3517 643 3600 Quod
661 3517 688 3581 si
704 3518 852 3581 habitum
871 3537 1002 3600 quoque
1018 3516 1092 3599 ejus
1109 3518 1236 3600 posteri

186 3640 325 3684 noscere
355 3620 469 3698 velint,
498 3621 671 3685 decentior
701 3643 798 3704 quam
831 3620 1003 3684 sublimior
1030 3617 1117 3699 fuit;
1152 3619 1236 3685 nihil

185 3733 296 3788 metus
320 3733 353 3788 et
378 3725 523 3807 impetus
548 3725 581 3788 in
597 3723 701 3802 vultu,
722 3724 829 3806 gratia
853 3724 919 3788 oris
944 3733 1126 3806 supererat.
1176 3724 1239 3788 Bo·

186 3850 264 3892 num
283 3828 390 3892 virum
414 3825 511 3893 facile
536 3829 700 3906 credereS,
718 3849 875 3910 magnum
900 3827 1051 3892 libenter.
1101 3827 1148 3891 Et
1166 3827 1238 3910 ipse

106 3950 138 3988 as
172 3931 319 4011 quidem,
351 3954 560 4019 quamquam
588 3932 701 3997 medio
731 3931 769 3994 in
799 3929 910 4011 spatio
938 3929 1096 4007 integrae
1121 3931 1244 3990 aetatis
