2550 4252
170 238 210 284 22
493 219 559 283 Tae
581 219 659 301 Life
681 221 721 301 of
736 219 898 302 Agricola.

169 415 298 468 turmae
316 401 454 486 iugere3
477 403 659 467 covinnarii
681 403 830 485 peditum
847 423 884 468 se
900 403 1026 486 proelio
1043 404 1220 484 miscuere,

168 518 213 583 et,
225 527 413 590 quanquam
424 517 595 571 recentem
606 517 767 571 terrorem
778 506 970 584 intulerant,
980 508 1096 572 densis
1107 518 1222 575 tamen

160 611 316 675 ‘hostium
347 610 535 693 agminibus
567 620 601 674 et
631 606 861 692 inaequalibus
897 611 980 675 locis
1016 612 1222 691 haerebant;

169 715 372 797 minimeque
395 713 560 796 equestris
587 733 628 777 ea
652 713 720 796 jam
747 734 881 796 pugnae
907 711 1010 779 iacies
1038 724 1120 790 erat,
1146 736 1222 780 cum

111 847 123 884 ε
169 839 268 902 aegre
292 818 378 883 clivo
401 826 551 881 astantes
568 816 665 880 simul
682 837 843 900 equorum
860 818 1055 900 corporibus
1074 818 1224 901 impelle·

169 932 303 1000 rentur;
326 942 364 986 ac
388 921 587 1003 saepevagi
610 941 735 998 currus,
761 921 910 985 exterriti
935 921 1008 986 sine
1031 923 1223 987 rectoribus

169 1027 254 1109 equi,
269 1036 306 1090 ut
317 1045 483 1108 quemque
497 1022 638 1088 formido
656 1025 787 1099 tulerat,
801 1034 1012 1090 transversos
1028 1035 1087 1089 aut
1104 1027 1222 1091 obvios

169 1130 392 1194 incursabant.
449 1146 582 1192 xxxvu.
608 1119 663 1191 ‘Et
689 1127 851 1202 Britanni,
874 1129 930 1211 qui
954 1130 1063 1193 adhuc
1088 1151 1223 1213 pugnae

170 1243 324 1315 expertes
344 1252 473 1295 summa
493 1231 627 1295 collium
650 1232 843 1295 insederant
863 1241 897 1295 et
920 1233 1125 1314 paucitatem
1149 1255 1224 1298 nos

113 1365 137 1392 10
170 1348 296 1400 trorum
311 1336 407 1400 vacui
429 1336 642 1417 spernebant,
661 1335 798 1417 degredi
819 1335 978 1417 paulatim
996 1346 1030 1401 et
1047 1337 1223 1402 circumire

170 1450 265 1523 terga
284 1439 492 1504 vincentium
516 1448 706 1520 coeperant,
729 1439 764 1502 ni
787 1439 821 1502 id
845 1439 954 1521 ipsum
975 1440 1104 1505 veritus
1124 1441 1223 1525 Agri-

169 1545 250 1621 cola,
265 1553 422 1626 quattuor
434 1543 583 1625 equitum
596 1542 673 1616 alas,
688 1543 729 1606 ad
743 1543 854 1606 subita
865 1543 944 1607 belli
958 1526 1118 1621 retentas,
1133 1546 1221 1609 veni·

170 1649 304 1712 entibus
325 1647 548 1729 opposuisset,
570 1656 762 1728 quantoque
784 1643 930 1710 ferocius
954 1659 1221 1724 accucurrerant,

170 1761 264 1815 tanto
283 1750 392 1814 acrius
414 1749 528 1831 pulsos
545 1750 579 1813 in
594 1748 709 1832 fugam
726 1749 926 1832 disjecisset.
975 1751 1028 1814 Ita
1043 1752 1222 1816 consilium

112 1887 135 1924 ις
171 1855 408 1918 Britannorum
424 1852 458 1915 in
475 1852 567 1933 ipsos
582 1873 725 1929 versum,
744 1863 1022 1936 transvectaeque
1041 1866 1222 1938 praecepto

170 1957 264 2021 ducis
280 1978 300 2021 a
314 1954 427 2020 fronte
442 1956 665 2038 pugnantium
680 1957 761 2032 alae,
779 1977 930 2020 aversam
952 1957 1101 2020 hostium
1117 1959 1221 2024 aciem

170 2063 330 2125 invasere.
379 2062 466 2124 Tum
487 2069 571 2125 'vero
596 2061 790 2142 patentibus
813 2060 896 2125 locis
920 2062 1046 2143 grande
1070 2071 1105 2126 et
1129 2072 1223 2127 atrox

171 2163 421 2248 spectaculum;
452 2164 555 2246 sequi,
588 2163 772 2239 vulnerare,
802 2185 922 2246 capere
953 2175 1053 2247 atque
1084 2167 1222 2232 eosdem

171 2269 291 2332 oblatis
320 2268 393 2333 aliis
429 2259 602 2332 trucidare.
671 2268 747 2348 Jam
783 2268 940 2344 hostium,
972 2278 1072 2349 prout
1103 2270 1223 2353 cuique

112 2406 137 2433 ω
171 2372 343 2455 ingenium
372 2380 451 2447 erat,
477 2381 631 2435 catervae
658 2367 873 2435 armatorum
887 2372 1101 2454 paucioribus
1128 2383 1224 2457 terga

170 2458 350 2558 praestare,
383 2474 516 2556 quidam
547 2474 693 2539 inermes
728 2474 815 2538 ultro
850 2495 946 2540 ruere
980 2495 1019 2539 ac
1054 2496 1091 2540 se
1124 2476 1221 2541 morti

130 2595 133 2599 ’
171 2576 311 2655 offerre;
335 2577 459 2659 passim
478 2598 569 2641 arma
590 2587 624 2641 et
645 2598 784 2659 corpora
805 2587 840 2642 et
859 2577 959 2642 laceri
980 2588 1072 2643 artus
1093 2589 1130 2644 et
1153 2602 1218 2646 cru·

172 2693 251 2746 enta
277 2683 418 2758 humus;
449 2691 484 2745 et
510 2681 687 2763 aliquando
715 2681 816 2746 etiam
843 2682 941 2747 victis
965 2683 1013 2746 ira
1038 2683 1218 2767 virtusque.

173 2787 352 2868 Postquam
376 2785 467 2849 silvis
498 2786 858 2867 appropinquaverunt,
885 2786 1069 2850 identidem
1093 2788 1223 2869 primos

114 2921 137 2957 2⁵
171 2889 383 2972 sequentium
406 2888 559 2953 incautos
584 2888 717 2953 collecti
736 2899 771 2954 et
793 2889 942 2953 locorum
967 2890 1062 2972 gnari
1086 2890 1225 2956 circum-

170 2993 358 3057 veniebant.
408 2992 508 3075 Quod
531 2991 566 3055 ni
588 2990 748 3075 frequens
770 2993 892 3075 ubique
912 2992 1076 3076 Agricola
1095 2994 1224 3060 validas

171 3107 205 3161 et
232 3097 403 3178 expeditas
428 3097 584 3160 cohortes
613 3095 781 3178 indaginis
807 3097 916 3172 modo,
942 3106 986 3174 et,
1013 3097 1120 3160 sicubi
1148 3099 1225 3163 arti·

170 3221 228 3265 ora
243 3211 347 3278 erant,
365 3210 494 3283 partem
511 3200 661 3282 equitum
677 3199 825 3264 dimissis
842 3200 946 3282 equis,
965 3200 1063 3264 simul
1080 3203 1223 3268 rariores

171 3304 270 3367 silvas
298 3303 445 3385 equitem
476 3302 662 3384 persultare
688 3303 855 3385 jussisset,
883 3314 1059 3386 acceptum
1086 3303 1222 3388 aliquod

112 3436 137 3472 ao
169 3405 291 3469 vulnus
314 3426 374 3487 per
396 3405 532 3470 nimiam
557 3405 711 3470 fiduciam
730 3403 826 3471 foret.
875 3406 1034 3471 Ceterum
1056 3407 1114 3471 ubi
1135 3429 1224 3473 com-

170 3509 298 3591 positos
321 3509 425 3572 firmis
449 3509 622 3573 ordinibus
646 3509 740 3592 sequi
764 3529 878 3573 rursus
901 3510 1025 3590 videre,
1048 3509 1082 3573 in
1105 3508 1223 3596 fugam

169 3613 267 3690 versi,
298 3633 366 3676 non
400 3613 600 3695 agminibus,
632 3622 669 3676 ut
699 3613 801 3695 prius,
830 3633 892 3677 nec
922 3613 1007 3678 alius
1038 3613 1141 3679 alium
1175 3636 1225 3680 re-

170 3726 372 3799 spectantes,
393 3715 458 3780 rari
479 3725 513 3780 et
534 3716 709 3780 vitabundi
734 3716 888 3794 invicem,
913 3716 1096 3800 longinqua
1119 3726 1225 3802 atque

169 3822 243 3885 avia
274 3820 412 3903 petiere.
473 3820 568 3884 Finis
604 3819 765 3902 sequendi
803 3841 868 3882 nox
903 3830 937 3884 et
972 3821 1111 3885 satietas
1146 3819 1221 3889 fuit.

89 3954 120 3991 ³5
157 3924 266 3988 Caesa
295 3924 449 3990 bostium
483 3925 526 3991 ad
558 3925 678 3991 decem
707 3922 824 4000 milia3
857 3931 1051 3985 nostrorum
1075 3924 1225 3991 trecenti
