2550 4252
383 201 451 263 His
480 201 582 264 lloutlz
606 203 677 265 and
702 200 733 264 T
728 199 868 283 mining.
1134 217 1152 281 3

105 388 172 454 tiae
199 388 448 473 sapientiaeque
476 400 585 468 notus,
614 390 720 474 iisque
750 390 831 473 ipsis
861 388 1040 454 virtutibus
1067 396 1153 454 'rram

106 492 181 556 Gaii
207 494 359 558 Caesaris
386 494 544 571 meritus;
571 515 717 577 namque
744 496 790 560 M.
818 494 970 558 Silanum
997 514 1154 558 accusare

104 596 218 679 jussus
242 607 285 675 et,
306 598 383 680 quia
405 597 575 671 abnuerat,
601 596 800 662 interiectus
824 607 884 662 est.
933 599 1044 662 Mater
1066 598 1155 679 Julia

107 700 247 764 Procilla
266 698 339 778 fuit,
350 721 451 765 rarae
473 702 646 766 castitatis.
695 703 735 764 In
759 702 860 784 hujus
884 701 959 765 sinu
982 703 1155 784 indulgen-

105 803 218 886 tiaque
234 805 394 868 educatus
410 825 620 886 peromnem
643 807 860 869 honestarum
883 807 1003 869 artium
1027 806 1154 869 cultum
1200 835 1212 875 s

105 908 282 989 pueritiam
312 908 642 992 adolescentiamque
671 909 844 992 transegit.
891 909 1041 973 Arcebat
1077 930 1154 973 eum

105 1014 147 1075 ab
175 1012 339 1076 illecebris
370 1013 592 1094 peccantium,
622 1022 755 1094 praeter
784 1013 889 1094 ipsius
920 1014 1041 1076 bonam
1072 1014 1155 1078 inte-

105 1103 266 1199 gramque
303 1125 466 1194 naturam,
503 1118 592 1200 quod
627 1117 739 1180 statim
775 1116 931 1198 parvulus
967 1118 1080 1180 sedem
1115 1137 1154 1180 ac

106 1220 300 1302 magistram
324 1221 510 1284 studiorum
535 1220 719 1284 Massiliam
742 1221 867 1297 habuit,
892 1220 1001 1284 locum
1026 1221 1155 1284 Graeca

106 1324 265 1388 comitate
281 1332 316 1388 et
330 1323 526 1405 provinciali
542 1324 744 1405 parsimonia
758 1324 895 1386 mistum
911 1344 950 1387 ac
966 1324 1053 1388 bene
1068 1345 1155 1389 com·
1189 1344 1213 1371 10

105 1428 261 1508 positum.
310 1427 475 1491 Memoria
490 1437 590 1491 teneo
613 1427 748 1490 solitum
771 1427 880 1508 ipsum
903 1447 1037 1491 narrare
1060 1448 1096 1491 se
1119 1428 1154 1490 in
1216 1421 1218 1425 ’

106 1531 213 1612 prima
226 1531 367 1613 juventa
388 1531 536 1594 studium
559 1529 790 1612 philosophiae
812 1530 929 1605 acrius,
946 1531 1034 1593 ultra
1055 1551 1154 1613 quam

107 1654 306 1698 concessum
331 1635 484 1697 Romano
508 1654 546 1697 ac
571 1633 725 1707 senatori,
744 1633 904 1710 hausisse,
923 1634 957 1696 ni
978 1633 1155 1715 prudentia

106 1738 222 1801 matris
253 1737 429 1802 incensum
459 1757 497 1800 ac
529 1736 726 1820 flagrantem
760 1736 907 1799 animum
941 1737 1152 1802 coercuisset.

107 1841 246 1905 Scilicet
261 1839 403 1904 sublime
420 1850 454 1904 et
470 1850 619 1904 erectum
639 1839 812 1922 ingenium
835 1839 1092 1922 pulcritudinem
1116 1862 1154 1905 ac
1189 1867 1214 1907 1⁵

106 1944 254 2026 speciem
270 1961 411 2026 magnae
427 1943 646 2027 excelsaeque
663 1943 788 2025 gloriae
803 1944 1037 2008 vehementius
1056 1965 1155 2026 quam

106 2056 205 2113 caute
220 2048 408 2130 appetebat.
457 2049 539 2111 Mox
554 2048 720 2131 mitigavit
736 2047 819 2111 ratio
842 2057 878 2111 et
899 2057 1011 2125 aetas;
1033 2048 1156 2113 retinu-

106 2151 207 2234 itque,
225 2152 318 2234 quod
331 2161 383 2216 est
398 2150 639 2226 difficillimum,
657 2170 698 2215 ex
714 2151 879 2233 sapientia
893 2152 1038 2215 modum.

149 2274 180 2320 v.
215 2255 324 2318 Prima
339 2264 524 2319 castrorum
540 2255 731 2318 rudimenta
745 2256 779 2318 in
797 2254 971 2318 Britannia
992 2254 1155 2318 Suetonio

107 2358 254 2435 Paulin0,
272 2358 426 2440 diligenti
448 2379 487 2422 ac
506 2359 677 2422 moderato
701 2358 787 2435 duci,
805 2358 1009 2440 approbavit,
1028 2359 1155 2422 electus
1190 2385 1216 2413 ω

106 2483 206 2545 quem
229 2461 450 2526 contubernio
474 2461 676 2526 aestimaret.
723 2462 798 2525 Nec
820 2461 983 2543 Agricola
1004 2462 1154 2537 licenter,

105 2587 198 2630 more
219 2565 381 2649 juvenum
397 2565 453 2648 qui
475 2564 627 2629 militiam
643 2565 678 2628 in
693 2565 863 2629 lasciviam
882 2575 1028 2655 vertunt,
1046 2586 1157 2648 neque

106 2669 256 2754 segniter
270 2670 312 2733 ad
327 2668 518 2751 voluptates
535 2678 569 2734 et
585 2679 792 2734 commeatus
808 2669 943 2733 titulum
966 2669 1156 2733 tribunatus

105 2784 140 2839 et
156 2774 323 2839 inscitiam
339 2774 473 2851 retulit;
498 2774 557 2838 sed
574 2794 714 2838 noscere
730 2773 945 2855 provinciam,
960 2773 1054 2837 nosci
1067 2793 1157 2836 exer-

105 2877 195 2954 citui,
212 2879 342 2941 discere
361 2898 380 2941 a
398 2877 524 2959 peritis,
543 2878 636 2960 sequi
658 2877 919 2959 optimos,'nihil
941 2886 1100 2958 appetere
1120 2876 1156 2938 in
1193 2901 1218 2940 πε

103 2982 331 3065 jactationem,
349 2981 432 3044 nihil
455 2982 498 3045 ob
519 2978 733 3045 formidinem
753 3000 916 3058 recusare,
936 2980 1100 3062 simulque
1121 2989 1155 3043 et

103 3085 222 3149 anxius
242 3094 277 3150 et
298 3085 451 3149 intentus
475 3105 583 3168 agere.
628 3086 711 3149 Non
736 3104 817 3148 sane
841 3085 922 3148 alias
945 3083 1156 3146 exercitatior

104 3189 278 3271 magisque
290 3189 324 3251 in
337 3188 493 3271 ambiguo
507 3189 681 3252 Britannia
692 3186 763 3252 fuit.
809 3187 982 3251 Trucidati
994 3187 1153 3262 veterani,

104 3292 263 3355 incensae
286 3292 445 3369 coloniae,
464 3275 640 3374 intersepti
665 3291 850 3367 exercitus3
877 3300 949 3353 tum
972 3290 1014 3354 de
1037 3290 1153 3365 salute,

104 3416 182 3459 mox
204 3397 246 3459 de
263 3395 403 3459 victoria
426 3404 605 3459 certavere.
655 3383 752 3479 Quae
775 3404 897 3459 cuncta
920 3393 984 3458 etsi
1008 3394 1155 3458 consiliis
1190 3419 1215 3456 ³0

104 3500 274 3582 ductuque
289 3499 427 3565 alterius
449 3500 637 3581 agebantur
659 3520 698 3562 ac
712 3519 852 3562 summa
874 3519 984 3562 rerum
1009 3489 1048 3561 et¹
1066 3518 1156 3562 recu-

103 3613 240 3686 peratae
255 3603 446 3684 provinciae
462 3602 568 3684 gloria
583 3603 618 3665 in
634 3603 753 3666 ducem
767 3603 878 3679 cessit,
892 3612 998 3665 artem
1012 3611 1046 3665 et
1058 3621 1155 3664 usum
1216 3587 1221 3607 ⁶

104 3717 139 3771 et
163 3707 316 3770 stimulos
340 3707 497 3770 addidere
524 3705 648 3788 juveni,
674 3705 877 3788 intravitque
903 3690 1156 3768 animum'mili-

104 3811 185 3874 taris
201 3811 327 3892 gloriae
344 3810 473 3891 cupido,
492 3809 623 3891 ingrata
642 3809 862 3890 temporibus,
877 3807 1003 3888 quibus
1022 3806 1171 3864 siniam

103 3933 182 3994 erga
205 3913 394 3978 eminentes
419 3913 661 3998 interpretatio
690 3933 761 3978 nec
786 3910 909 3974 nimus
930 3901 1136 3985 petredium
1155 3913 1206 3951 ex
1239 3913 1268 3944 ss

89 4034 213 4098 magna
226 4013 320 4082 fama
338 4039 441 4103 quam
460 4041 507 4087 ex
522 4021 627 4088 mala.
