2550 4252
407 217 527 301 Speeclz
549 219 592 303 of
611 217 780 304 Calgacus,
1078 237 1117 304 17

108 418 205 467 xxix.
238 401 340 466 Initio
377 401 516 466 aestatis
553 400 724 484 Agricola,
756 403 943 469 domestico
977 404 1117 470 vulnere

63 505 162 580 ictus,
190 526 279 569 anno
310 514 389 570 ante
420 515 536 569 natum
562 505 668 570 filium
695 507 814 573 amisit.
864 509 974 590 Quem
1002 531 1116 574 casum

64 629 176 692 neque
203 618 240 672 ut
267 609 416 692 plerique
444 607 582 673 fortium
608 609 755 674 virorum
788 612 974 688 ambitiose,
1006 634 1116 696 neque

62 732 126 794 per
147 711 295 777 lamenta
316 716 430 776 rursus
454 733 493 776 ac
517 733 700 777 maerorem
730 715 936 779 muliebriter
962 716 1038 780 tulit
1049 738 1058 795 ;
1081 722 1116 781 et

63 815 100 879 in
122 814 217 879 luctu
239 816 363 880 bellum
386 816 476 879 inter
497 817 645 880 remedia
671 827 751 882 erat.
800 819 908 900 Igitur
933 820 1116 900 praemissa

63 917 182 993 classe,
203 939 287 1002 quae
310 919 460 1002 pluribus
483 919 566 983 locis
588 921 747 1000 praedata
772 942 931 1004 magnum
955 931 989 986 et
1012 923 1116 986 incer-

62 1032 138 1086 tum
161 1033 321 1086 terrorem
344 1020 480 1097 faceret,
498 1024 655 1105 expedito
676 1025 833 1102 exercitu,
852 1025 904 1089 cui
926 1046 966 1089 ex
988 1027 1117 1090 Britan-

63 1127 118 1190 nis
144 1123 347 1190 fortissimos
370 1135 405 1190 et
428 1126 530 1208 longa
551 1147 634 1208 pace
657 1128 846 1209 exploratos
869 1130 1048 1206 addiderat,
1074 1132 1115 1193 ad

62 1239 216 1293 montem
233 1229 416 1312 Graupium
432 1231 596 1312 pervenit,
613 1251 712 1313 quem
728 1231 795 1313 jam
812 1232 920 1295 hostis
936 1233 1113 1298 insederat.

64 1333 155 1395 Nam
183 1333 345 1409 Britanni,
373 1333 456 1396 nihil
485 1331 585 1397 fracti
614 1355 748 1416 pugnae
777 1335 896 1416 prioris
927 1347 1051 1400 eventu
1081 1349 1115 1401 et
1151 1365 1160 1390 ι

63 1435 228 1500 ultionem
254 1447 312 1500 aut
335 1437 508 1500 servitium
531 1447 776 1519 exspectantes,
801 1438 1003 1521 tandemque
1025 1441 1115 1504 docti

63 1560 243 1603 commune
262 1539 445 1622 periculum
461 1541 641 1605 concordia
655 1541 926 1622 propulsandum,
944 1542 1117 1624 legationi-

62 1644 128 1707 bus
149 1652 184 1707 et
203 1641 396 1708 foederibus
420 1645 570 1708 omnium
593 1644 777 1708 civitatium
801 1645 889 1707 vires
912 1646 1112 1711 exciverant.

33 1798 34 1801 ,
61 1747 206 1829 Jamque
229 1767 330 1829 super
352 1748 492 1830 triginta
514 1748 605 1811 milia
627 1757 829 1812 armatorum
856 1748 1113 1831 aspiciebantur,

62 1859 100 1914 et
122 1851 231 1917 adhuc
253 1851 412 1916 affluebat
436 1851 545 1915 omnis
569 1851 729 1934 juventus
753 1861 787 1916 et
810 1852 930 1934 quibus
953 1853 1055 1916 cruda
1076 1874 1114 1917 ac
1150 1887 1159 1912 ι

62 1954 178 2018 viridis
202 1965 370 2033 senectuS,
391 1954 471 2019 clari
494 1955 582 2019 bello
606 1964 640 2019 et
663 1975 724 2018 sua
741 1955 881 2038 quisque
900 1956 1022 2019 decora
1043 1977 1116 2038 ges-

62 2066 186 2134 tantes,
204 2079 280 2122 cum
296 2058 385 2122 inter
407 2059 520 2140 plures
543 2059 646 2122 duces
662 2059 786 2122 virtute
807 2067 842 2121 et
863 2078 988 2141 genere
1006 2080 1116 2140 praes-

62 2170 150 2239 tans,
171 2162 308 2225 nomine
330 2160 504 2244 Calgacus,
525 2162 613 2242 apud
636 2170 843 2225 contractam
866 2161 1113 2224 multitudinem

61 2264 227 2346 proelium
243 2248 441 2347 poscentem
457 2265 491 2327 in
508 2266 598 2328 hunc
615 2265 750 2328 modum
766 2263 897 2327 locutus
913 2262 1036 2328 fertur:

108 2386 191 2432 xxx.
225 2375 243 2402 ‘⁶
255 2368 424 2451 Quotiens
436 2388 554 2431 causas
570 2367 648 2432 belli
665 2376 699 2431 et
715 2367 952 2431 necessitatem
964 2378 1112 2432 nostram

62 2471 206 2546 intueor,
224 2492 365 2554 magnus
389 2471 471 2535 mihi
493 2471 623 2535 animus
647 2480 699 2535 est
719 2471 918 2534 hodiernum
934 2471 1022 2535 diem
1038 2492 1115 2535 con·

62 2595 268 2658 sensumque
294 2585 443 2640 vestrum
471 2575 603 2639 initium
633 2574 797 2639 libertatis
828 2575 890 2638 toti
922 2575 1114 2640 Britanniae

60 2676 145 2743 lore.
193 2680 281 2743 Nam
308 2688 343 2743 et
371 2679 518 2742 universi
547 2678 717 2743 servitutis
745 2688 908 2759 expertes,
938 2688 972 2742 et
1003 2679 1113 2744 nullae

61 2781 152 2846 ultra
177 2792 295 2858 terrae,
320 2803 359 2846 ac
385 2803 429 2846 ne
455 2802 546 2846 mare
570 2782 703 2865 quidem
727 2802 891 2858 securum,
916 2782 1113 2846 imminente

61 2886 162 2950 nobis
189 2886 296 2950 classe
321 2887 475 2949 Romana
483 2907 491 2963 ;
514 2885 561 2948 ita
587 2885 750 2967 proelium
777 2895 877 2968 atque
904 2906 1003 2960 arma,
1028 2906 1112 2968 quae
1148 2917 1172 2955 25

60 2988 206 3054 fortibus
229 2991 381 3066 honesta,
408 2990 524 3053 eadem
552 2989 652 3052 etiam
680 2989 809 3071 ignavis
833 2989 1000 3053 tutissima
1023 3000 1109 3054 sunt.

62 3093 194 3158 Priores
210 3113 352 3176 pugnae,
371 3093 490 3175 quibus
506 3093 666 3156 adversus
684 3092 856 3154 Romanos
871 3092 962 3155 varia
977 3089 1114 3155 fortuna

60 3206 227 3262 certatum
258 3206 320 3274 est,
345 3216 439 3279 spem
465 3216 504 3260 ac
531 3195 716 3259 subsidium
743 3195 777 3257 in
804 3194 928 3257 nostris
959 3195 1112 3258 manibus

60 3301 249 3378 habebant;
272 3301 349 3383 quia
375 3298 573 3363 nobilissimi
596 3299 700 3362 totius
724 3297 927 3374 Britanniae,
945 3318 1051 3381 eoque
1077 3299 1112 3362 in

59 3404 144 3488 ipsis
169 3403 397 3486 penetralibus
422 3403 477 3466 siti
505 3423 568 3466 nec
593 3402 810 3466 servientium
834 3401 931 3466 litora
953 3403 1113 3484 aspicien-
1147 3433 1174 3470 ³0

59 3519 124 3583 tea
149 3507 265 3573 oculos
288 3527 419 3590 quoque
445 3527 466 3570 a
492 3515 649 3570 contactu
672 3505 910 3569 dominationis
935 3506 1112 3570 inviolatos

59 3612 278 3677 habebamus.
324 3611 398 3674 Nos
421 3619 584 3673 terrarum
610 3629 649 3672 ac
676 3609 840 3672 libertatis
864 3619 1040 3687 extremoS,
1065 3631 1114 3673 re-

59 3735 179 3781 cessus
195 3716 267 3797 ipse
282 3735 321 3778 ac
338 3714 431 3778 sinus
447 3711 555 3776 lamae
572 3712 605 3774 in
622 3713 712 3775 hunc
729 3712 817 3774 diem
830 3709 998 3789 defendit;
1022 3733 1112 3775 nunc

58 3819 226 3885 terminus
248 3817 442 3881 Britanniae
463 3825 564 3897 patet.
612 3814 729 3897 Atque
752 3835 852 3877 omne
876 3815 1032 3896 ignotum
1053 3835 1117 3893 pro

59 3921 241 4006 magnifico
257 3930 317 3985 est.
366 3919 433 3985 Sed
449 3918 542 3984 nulla
556 3917 626 4004 jam
642 3917 736 3984 ultra
750 3939 852 4004 gens,
865 3915 962 3980 n‘lrlb
971 3913 1147 3976 mainne-
1184 3935 1218 3970 «a
