2550 4252
406 221 572 286 Goverrwr
589 222 630 303 os
644 219 837 302 Aquitania.
908 284 911 289 ,
1127 235 1144 304 5

98 413 258 477 decessor
292 412 451 476 seditiose
486 431 586 493 agere
622 409 836 487 narrabatur;
870 410 993 494 quippe
1026 410 1146 494 legatis

98 537 231 600 quoque
247 516 477 580 consularibus
493 514 595 577 nimia
607 535 645 577 ac
660 511 876 578 formidolosa
889 524 968 591 erat,
983 534 1045 579 nec
1061 515 1148 597 lega-

98 630 154 684 tus
170 614 355 702 praetorius
377 620 419 684 ad
442 618 666 683 cohibendum
689 628 820 699 potenS,
838 618 1003 682 incertum
1020 640 1080 682 suo
1104 640 1146 683 an

98 724 241 787 militum
257 723 402 806 ingenio.
452 724 504 786 Ita
520 742 695 786 successor
717 721 815 785 simul
840 732 874 786 et
897 722 985 785 ultor
1008 723 1145 802 electus,
1171 801 1173 803 g

98 828 267 891 rarissima
296 826 526 891 moderatione
556 825 672 889 maluit
702 825 807 888 videri
837 825 1008 890 invenisse
1040 827 1146 891 bonos
1193 858 1205 895 s

97 947 197 1014 quam
212 928 343 995 fecisse.
1092 1008 1094 1011 ,

143 1053 216 1099 vni.
250 1035 404 1098 Praeerat
420 1043 501 1098 tunc
518 1031 712 1097 Britanniae
727 1032 864 1097 Vettius
881 1033 1028 1097 Bolanus
1050 1034 1148 1115 placi-

97 1137 173 1201 dius
196 1158 295 1220 quam
320 1135 425 1201 feroci
452 1137 624 1219 provincia
648 1136 787 1218 dignum
812 1146 872 1201 est.
931 1139 1147 1219 Temperavit

97 1241 259 1323 Agricola
274 1242 342 1304 vim
366 1263 460 1305 suam
483 1242 702 1323 ardoremque
725 1241 941 1322 compescuit,
959 1262 1003 1305 ne
1026 1242 1148 1306 incres-

98 1354 199 1420 ceret,
224 1346 351 1427 peritus
375 1345 514 1427 obsequi
538 1344 754 1427 eruditusque
778 1344 872 1407 utilia
895 1345 1046 1408 honestis
1073 1347 1148 1410 mis·
1181 1383 1208 1408 ιο

98 1469 183 1513 cere.
238 1449 337 1513 Brevi
375 1449 497 1512 deinde
533 1447 708 1512 Britannia
742 1448 952 1512 consularem
991 1449 1146 1514 Petilium

98 1552 271 1644 Cerialem¹
287 1553 425 1635 accepit.
474 1553 678 1616 Habuerunt
700 1553 842 1617 virtutes
867 1553 1012 1634 spatium
1040 1575 1148 1618 exem-

97 1658 236 1739 plorum.
285 1658 353 1722 Sed
369 1657 475 1739 primo
490 1656 628 1721 Cerialis
641 1655 771 1721 labores
785 1658 883 1720 modo
897 1667 931 1721 et
944 1658 1144 1737 discrimina,

97 1783 175 1825 mox
190 1772 224 1826 et
240 1762 379 1844 gloriam
395 1762 682 1838 communicabat;
707 1783 807 1844 saepe
823 1763 909 1844 parti
925 1765 1091 1828 exercitus
1111 1764 1145 1826 in

96 1867 372 1948 experimentum,
398 1867 574 1949 aliquando
602 1867 783 1950 maj0ribus
814 1867 919 1948 copiis
950 1887 991 1931 ex
1022 1877 1146 1932 eventu
1180 1900 1205 1940 ες

96 1969 265 2053 praefecit.
314 1973 387 2036 Nec
403 1971 565 2054 Agricola
576 1991 733 2054 umquam
749 1971 783 2034 in
796 1991 890 2034 suam
902 1968 1025 2035 famam
1040 1972 1145 2054 gestis

96 2076 294 2154 exsultavit;
315 2077 356 2140 ad
369 2086 539 2140 auctorem
556 2084 590 2140 et
602 2077 722 2140 ducem
749 2085 786 2139 ut
801 2075 954 2139 minister
976 2073 1145 2140 fortunam

96 2174 271 2245 referebat.
320 2182 373 2244 Ita
398 2180 523 2244 virtute
553 2180 588 2243 in
620 2180 845 2262 obsequendo,
877 2179 1080 2243 verecundia
1110 2179 1145 2241 in

95 2285 327 2365 praedicando
357 2293 450 2347 extra
476 2283 633 2347 invidiam
661 2303 724 2347 nec
752 2292 845 2347 extra
871 2283 1010 2365 gloriam
1038 2292 1117 2348 erat.

140 2406 185 2452 rx.
220 2389 462 2452 Revertentem
481 2388 524 2451 ab
543 2387 712 2470 legatione
735 2386 877 2469 legionis
901 2386 997 2450 divus
1020 2386 1146 2468 Vespa·
1179 2415 1205 2444 ω

96 2490 209 2555 sianus
243 2492 331 2556 inter
363 2492 520 2573 patricios
556 2491 682 2567 ascivit,
720 2511 759 2554 ac
796 2491 919 2554 deinde
953 2490 1144 2571 provinciae

96 2595 300 2678 Aquitaniae
327 2596 528 2678 praeposuit,
558 2595 753 2677 splendidae
780 2593 942 2676 imprimis
969 2594 1143 2678 dignitatis

95 2700 383 2764 administratione
399 2721 437 2764 ac
454 2719 514 2781 spe
530 2700 733 2773 consulatus,
752 2698 805 2762 cui
826 2699 1018 2764 destinarat.
1067 2699 1144 2762 Cre-

95 2804 180 2867 dunt
202 2804 352 2886 plerique
375 2803 572 2866 militaribus
596 2803 741 2885 ingeniis
766 2803 985 2866 subtilitatem
1013 2803 1140 2878 deesse,

94 2907 172 2989 quia
194 2907 375 2971 castrensis
398 2907 584 2989 jurisdictio
609 2927 726 2970 secura
748 2914 783 2970 et
807 2907 957 2969 obtusior
983 2927 1021 2970 ac
1049 2905 1143 2986 plura
1178 2929 1202 2966 ²⁵

94 3031 195 3073 manu
220 3031 324 3093 agens
352 3011 566 3074 calliditatem
592 3007 656 3073 fori
679 3030 748 3073 non
772 3018 933 3074 exerceat.
980 3008 1144 3091 Agricola

94 3114 237 3177 naturali
252 3114 438 3195 prudentia,
452 3113 602 3196 quamvis
616 3114 704 3176 inter
715 3121 858 3194 togatos,
871 3109 970 3176 facile
985 3112 1142 3194 justeque

92 3218 222 3299 agebat.
269 3218 344 3298 Jam
370 3237 450 3281 vero
475 3227 627 3298 tempora
657 3236 809 3280 curarum
841 3214 1142 3298 remissionumque

92 3321 218 3398 divisa;
241 3321 298 3385 ubi
310 3330 497 3385 conventus
510 3341 547 3384 ac
563 3320 687 3403 judicia
699 3328 886 3401 poscerent,
901 3319 1020 3401 gravis,
1035 3319 1143 3383 inten-

92 3434 157 3501 tus,
187 3445 332 3501 severus
362 3434 396 3488 et
423 3424 556 3506 saepius
583 3424 791 3500 misericors;
822 3423 879 3486 ubi
906 3423 1015 3487 officio
1048 3423 1141 3487 satis«
1177 3446 1224 3484 ³0·

92 3526 228 3605 factum,
257 3528 349 3592 nulla
375 3528 462 3592 ultra
487 3528 665 3610 potestatis
690 3548 840 3609 persona.
895 3527 1082 3590 Tristitiam
1108 3539 1141 3590 et

91 3631 315 3714 arrogantiam
343 3641 377 3695 et
404 3632 574 3695 avaritiam
606 3640 761 3708 exuerat;
792 3652 855 3695 nec
885 3631 941 3708 illi,
970 3631 1058 3713 quod
1089 3639 1141 3693 est

92 3735 306 3812 rarissimum,
344 3744 402 3799 aut
435 3733 578 3799 facilitas
616 3735 849 3799 auctoritatem
883 3743 941 3797 aut
979 3733 1140 3797 severitas

91 3860 239 3903 amorem
256 3839 427 3903 deminuit.
476 3839 713 3922 Integritatem
728 3847 832 3921 atque
844 3836 1100 3900 abstinentium
1110 3835 1161 3888 'ux

92 3953 184 4006 tanto
202 3943 271 4007 viro
293 3939 421 4010 referre
455 3943 585 4031 injuria
604 3944 781 4010 virtutum
800 3938 924 4005 iuer'u.
965 3935 1036 3994 be
1051 3927 1196 3988 iarum
1226 3933 1260 3965 aa
