2550 4252
406 249 526 333 Speeclz
548 252 590 332 of
607 250 774 335 Agricola.
934 288 945 311 ·
1075 269 1115 336 19

61 436 163 513 tibus,
188 443 227 499 ut
250 435 418 500 secundae
441 453 496 499 res
521 443 649 512 tenent,
674 435 721 507 ita
745 437 905 500 adversae
929 436 1114 502 dissolvent

59 539 181 602 -nisi
210 537 325 602 Gallos
356 547 391 602 et
421 537 608 601 Germanos
635 547 670 601 et
703 539 819 620 (pudet
848 539 952 623 dictu)
986 540 1115 604 Britan-

60 663 184 707 norum
218 642 404 724 plerosque,
443 641 523 705 licet
560 641 780 705 dominationi
817 642 946 707 alienae
984 644 1116 727 sangui·

60 767 142 811 nem
169 748 394 821 commodent,
422 745 547 808 diutius
574 754 687 808 tamen
715 745 831 808 hostes
862 766 960 828 quam
987 768 1111 823 servos,

60 851 131 914 fide
154 859 188 913 et
210 846 335 914 affectu
358 848 467 912 teneri
490 848 623 931 putatis.
672 849 786 911 Metus
806 869 844 913 ac
863 858 971 913 terror
989 861 1050 928 est,
1067 851 1114 914 in·
1146 880 1159 918 s

60 955 160 1017 firma
181 952 292 1016 vincla
314 952 481 1029 caritatis;
504 971 589 1034 quae
616 951 672 1014 ubi
699 952 890 1030 removeris
915 953 971 1036 qui
995 954 1113 1018 timere

61 1056 235 1133 desierint,
249 1055 361 1120 odisse
374 1055 544 1137 incipient.
587 1054 711 1119 Omnia
721 1055 880 1120 victoriae
896 1057 1115 1122 incitamenta

61 1180 124 1243 pro
148 1159 245 1223 nobis
269 1168 365 1236 sunt;
389 1159 500 1222 nullae
525 1160 697 1222 Romanos
724 1159 888 1242 conjuges
915 1162 1112 1235 accendunt,

61 1263 147 1327 nulli
170 1272 327 1345 parentes
349 1260 464 1345 fugam
488 1262 718 1344 exprobraturi
741 1260 836 1340 sunt3
859 1273 917 1327 aut
937 1264 1029 1328 nulla
1049 1265 1115 1347 ple-

61 1367 177 1450 risque
203 1366 317 1449 patria,
346 1375 405 1429 aut
431 1366 496 1429 alia
523 1375 584 1430 est.
633 1367 761 1430 Paucos
788 1386 937 1443 numero
966 1368 1114 1450 trepidos
1150 1405 1175 1431 10

61 1470 261 1554 ignorantia,
279 1469 408 1535 caelum
428 1471 537 1553 ipsum
559 1491 598 1535 ac
619 1491 710 1534 mare
732 1480 767 1535 et
788 1471 888 1535 silvas
911 1471 1027 1554 ignota
1049 1493 1116 1536 om-

62 1574 121 1638 nia
143 1574 473 1656 circumspectantes,
499 1574 631 1639 clausos
654 1575 898 1657 quodammodo
922 1596 960 1640 ac
982 1576 1114 1640 vinctos

61 1678 111 1741 dii
141 1678 239 1742 nobis
269 1678 485 1742 tradiderunt.
534 1679 588 1742 Ne
614 1687 739 1742 terreat
764 1699 871 1742 vanus
898 1689 1054 1761 aspectus
1081 1690 1115 1744 et

61 1781 137 1846 auri
158 1779 270 1864 fulgor
292 1791 393 1864 atque
415 1781 554 1864 argenti,
573 1782 661 1864 quod
685 1802 795 1864 neque
816 1782 901 1865 tegit
922 1803 1032 1865 neque
1047 1783 1115 1846 vul-

62 1894 169 1950 nerat.
218 1885 258 1948 In
274 1885 347 1967 ipsa
362 1886 509 1949 hostium
525 1885 597 1950 acie
612 1885 822 1950 inveniemus
835 1896 967 1950 nostras
980 1908 1115 1964 manus;
1150 1922 1173 1960 15

61 1998 252 2072 agnoscent
277 1988 431 2053 Britanni
452 2009 546 2053 suam
572 2009 716 2064 causam,
740 1990 1005 2054 recordabuntur
1029 1991 1115 2055 Galli

62 2093 210 2176 priorem
233 2092 431 2168 libertatem,
449 2093 607 2156 deserent
630 2093 705 2156 illos
724 2093 828 2157 ceteri
850 2093 1019 2170 Germani,
1036 2103 1117 2158 tam-

62 2217 163 2280 quam
192 2216 300 2278 nuper
325 2196 436 2278 Usipii
467 2196 681 2278 reliquerunt.
730 2196 804 2260 Nec
827 2197 1003 2279 quicquam
1030 2196 1116 2261 ultra

61 2297 271 2377 formidinis3
294 2319 400 2363 vacua
423 2299 568 2376 castella,
594 2319 713 2362 senum
737 2298 896 2372 coloniae,
919 2299 1008 2362 inter
1029 2301 1116 2364 male

62 2412 223 2486 parentes
247 2412 281 2466 et
304 2402 431 2485 injuste
454 2402 658 2483 imperantes
682 2421 782 2484 aegra
804 2401 985 2484 municipia
1004 2411 1038 2466 et
1054 2403 1117 2466 dis·
1152 2430 1177 2458 20

62 2506 245 2573 cordantia.
295 2506 364 2570 Hic
387 2506 462 2580 dux,
487 2506 542 2570 hic
565 2505 731 2570 exercitus
743 2526 751 2583 ;
774 2504 820 2568 ibi
847 2505 972 2569 tributa
994 2515 1028 2570 et
1051 2527 1117 2570 me-

62 2609 146 2676 talla
168 2619 202 2674 et
225 2619 358 2674 ceterae
381 2609 599 2673 servientium
622 2629 760 2691 poenae,
779 2629 860 2691 quas
883 2609 918 2671 in
941 2619 1114 2672 aeternum

62 2711 213 2798 perferre
235 2723 293 2777 aut
316 2713 430 2777 statim
449 2711 566 2776 ulcisci
586 2712 621 2776 in
643 2713 707 2776 hoc
729 2733 845 2795 campo
866 2721 925 2777 est.
974 2713 1116 2777 Proinde

62 2817 145 2882 ituri
174 2817 209 2880 in
240 2811 345 2881 aciem
377 2826 411 2881 et
443 2816 587 2900 majores
617 2825 749 2880 vestros
780 2825 815 2880 et
845 2825 999 2898 posteros
1030 2817 1117 2899 cogiss

62 2918 168 2986 tate.'’
1151 2946 1175 2983 2⁵

109 3043 231 3108 xxxin.
265 3024 439 3106 Excepere
459 3023 645 3088 orationem
669 3022 804 3099 alacres,
823 3031 860 3085 ut
880 3022 1029 3086 barbaris
1050 3043 1117 3086 mo·

62 3127 120 3205 ris,
146 3137 247 3192 cantu
269 3124 471 3211 fremituque
493 3136 529 3191 et
552 3126 752 3191 clamoribus
775 3125 930 3223 dissonis.
974 3126 1116 3207 Jamque

62 3231 200 3314 agmina
222 3240 257 3294 et
272 3251 438 3294 armorum
453 3227 603 3313 fulgores
619 3227 851 3293 audentissimi
867 3227 1029 3310 cujusque
1045 3250 1117 3311 pro-

63 3354 183 3412 cursu;
206 3334 305 3398 simul
336 3334 565 3398 instruebatur
594 3333 692 3410 acieS,
717 3352 794 3397 cum
812 3331 982 3414 Agricola,
1007 3354 1118 3415 quam-

62 3456 166 3521 quam
195 3437 321 3502 laetum
351 3447 386 3502 et
415 3437 472 3500 vix
500 3436 718 3507 munimentis
757 3436 938 3500 coercitum
976 3436 1115 3502 militem
1150 3469 1176 3505 ³0

62 3541 318 3607 accendendum
335 3541 443 3604 adhuc
460 3550 561 3617 ratus,
579 3540 626 3603 ita
640 3539 818 3604 disseruit:

112 3643 291 3708 “Octavus
314 3665 422 3708 annus
446 3652 507 3719 est,
526 3643 780 3719 commilitones,
798 3663 839 3706 ex
855 3664 920 3726 quo
935 3643 1059 3707 virtute
1082 3653 1116 3707 et

61 3747 222 3828 auspiciis
248 3746 379 3829 imperii
405 3747 549 3810 Romani
572 3747 638 3809 fide
661 3756 762 3828 atque
785 3767 887 3829 opera
909 3756 1022 3810 vestra
1048 3746 1117 3809 Bri-

60 3850 215 3917 tanniam
241 3850 369 3915 vicistis
381 3871 389 3927 ;
413 3859 464 3914 tot
495 3849 775 3931 expeditionibus,
801 3859 857 3913 tut
883 3849 1040 3930 proeliis,
1062 3868 1133 3907 seu

16 4036 20 4040 ⁴
57 3952 258 4018 fortitudine
268 3955 430 4019 adversus
444 3955 565 4022 hostes
578 3976 642 4022 seu
653 3954 833 4040 patientia
844 3973 888 4018 ac
897 3951 1029 4014 labore
1041 3960 1164 4022 paene
1199 3959 1230 3993 s
