2550 4252
157 206 176 253 2
479 187 510 249 T
504 186 545 250 lte
566 185 645 270 ere
665 185 707 269 of
720 185 882 270 Agricola.

157 378 340 462 sapientiae
352 375 597 461 professoribus
609 385 709 459 atque
720 376 811 440 omni
824 376 912 440 bona
923 384 995 440 arte
1005 376 1039 440 in
1050 374 1205 442 exsilium

155 494 238 560 acta,
257 505 300 547 ne
323 483 401 566 quid
425 503 563 565 usquam
587 482 767 545 honestum
791 490 989 544 occurreret.
1038 481 1206 546 Dedimus

155 585 306 668 profecto
323 587 448 668 grande
464 585 645 667 patientiae
661 586 918 662 documentum;
942 594 976 648 et
1000 585 1086 648 sicut
1104 595 1205 649 vetus

155 701 248 755 aetas
264 683 346 753 vidit
362 690 440 772 quid
457 688 609 752 ultimum
629 689 663 751 in
682 687 837 752 libertate
859 699 958 765 esset,
976 688 1023 752 ita
1043 709 1106 752 nos
1124 690 1205 772 quid

156 794 191 857 in
214 794 384 870 servitute,
402 780 559 873 adempto
582 813 642 874 per
664 792 897 874 inquisitiones
921 792 1022 855 etiam
1045 792 1205 875 loquendi

156 898 377 981 audiendique
390 895 598 960 commercio.
647 896 844 959 Memoriam
858 917 989 979 quoque
1005 896 1111 977 ipsam
1127 918 1204 960 cum

156 1022 239 1065 voce
265 1001 534 1083 perdidissemus
560 999 588 1062 si
615 1009 683 1062 tam
710 999 744 1062 in
772 1008 887 1063 nostra
913 1009 1081 1081 potestate
1113 1008 1205 1063 esset

154 1109 306 1172 oblivisci
324 1106 422 1190 quam
434 1115 554 1171 tacere.
604 1125 652 1171 111.
690 1107 789 1169 Nunc
806 1107 940 1170 demum
952 1108 1039 1170 redit
1056 1108 1206 1186 animus,·

155 1221 189 1274 et
221 1215 422 1294 quamquam
440 1200 563 1292 'primo
602 1209 714 1282 statim
753 1210 939 1272 beatissimi
970 1211 1094 1273 saeculi
1128 1222 1205 1274 ortu

155 1314 270 1377 Nerva
292 1314 417 1378 Caesar
439 1334 494 1377 res
520 1313 599 1376 olim
625 1312 854 1376 dissociabiles
879 1313 1060 1389 miscuerit,
1085 1314 1206 1394 princi-

154 1427 268 1498 patum
305 1438 344 1481 ac
378 1416 578 1495 libertatem,
606 1426 794 1498 augeatque
831 1417 970 1480 cottidie
1006 1414 1204 1482 felicitatem

154 1530 342 1602 temporum
367 1522 480 1584 Nerva
505 1520 681 1602 TrajanuS,
700 1540 763 1583 nec
788 1540 882 1602 spem
907 1521 1005 1583 modo
1026 1541 1065 1584 ac
1087 1531 1204 1584 votum

154 1624 325 1689 Securitas
355 1624 496 1706 publica,
526 1624 585 1688 sed
616 1623 722 1706 ipsius
747 1624 819 1687 voti
849 1625 1004 1687 fiduciam
1035 1645 1074 1688 ac
1103 1626 1206 1689 robur

153 1728 391 1810 assumpserit:
414 1737 534 1791 natura
552 1737 665 1792 tamen
689 1727 895 1791 infirmitatis
918 1728 1083 1791 humanae
1105 1729 1207 1791 tardi-

153 1852 211 1895 ora
226 1840 305 1894 sunt
320 1831 468 1894 remedia
479 1851 578 1914 quam
594 1830 700 1909 mala}
724 1840 767 1908 et,
778 1840 814 1893 ut
831 1852 970 1913 corpora
981 1842 1097 1895 nostra
1112 1829 1205 1896 lente

152 1943 348 2017 augescunt,
380 1934 448 1998 cito
479 1934 749 2017 exstinguuntur,
781 1933 830 1998 sic
860 1934 996 2018 ingenia
1026 1936 1204 2019 studiaque

152 2038 358 2120 oppresseris
390 2035 521 2101 facilius
556 2059 654 2121 quam
684 2038 901 2103 revocaveris.
950 2038 1049 2102 Subit
1080 2039 1204 2123 quippe

152 2142 253 2205 etiam
279 2142 384 2224 ipsius
411 2141 553 2206 inertiae
577 2140 729 2221 dulcedo,
752 2152 787 2206 et
811 2142 919 2206 invisa
945 2143 1052 2224 primo
1076 2143 1205 2206 desidia

152 2256 321 2328 postremo
352 2255 491 2310 amatur.
546 2244 658 2328 Quid?
696 2245 724 2309 si
760 2266 821 2327 per
857 2246 1047 2328 quindecim
1085 2267 1202 2322 annoS,

152 2347 277 2432 grande
304 2348 454 2412 mortalis
479 2348 552 2412 aevi
580 2348 734 2429 spatium,
760 2349 857 2414 multi
883 2347 1031 2412 fortuitis
1059 2349 1203 2428 casibus,

151 2453 422 2534 promptissimus
438 2453 579 2537 quisque
602 2453 742 2516 saevitia
763 2453 925 2535 principis
947 2453 1203 2533 interciderunt,

151 2556 258 2638 pauci,
286 2565 329 2639 ut,
354 2556 402 2619 ita
428 2555 577 2634 dixerim,
606 2576 674 2619 non
702 2557 800 2619 modo
832 2556 980 2631 aliorum,
1010 2557 1069 2619 sed
1100 2557 1203 2620 etiam

152 2659 259 2722 nostri
290 2659 490 2741 superstites
522 2680 646 2737 sumus,
675 2660 839 2742 exemptis
870 2681 889 2724 e
920 2660 1029 2723 media
1054 2661 1125 2723 vita
1150 2669 1204 2724 tot

151 2763 258 2841 annis,
283 2763 403 2845 quibus
425 2762 566 2844 juvenes
594 2765 635 2827 ad
663 2773 883 2841 senectutem,
909 2783 1007 2827 senes
1034 2783 1137 2845 prope
1161 2764 1203 2827 ad

152 2867 242 2948 ipsos
265 2875 401 2929 exactae
428 2867 548 2929 aetatis
570 2867 732 2930 terminos
757 2888 817 2948 per
840 2866 1010 2929 silentium
1035 2866 1198 2932 venimus.

152 2971 229 3032 Non
242 2979 355 3033 tamen
371 2969 499 3051 pigebit
512 2969 565 3033 vel
582 2969 754 3034 incondita
769 2990 808 3032 ac
824 2969 898 3032 rudi
909 2990 991 3033 voce
1008 2970 1202 3034 memoriam

150 3073 269 3154 prioris
286 3072 458 3135 servitutis
475 3092 513 3134 ac
532 3067 763 3135 testimonium
787 3073 1013 3153 praesentium
1037 3073 1202 3136 bonorum

150 3175 386 3257 composuisse.
429 3174 496 3239 Hic
513 3174 647 3237 interim
664 3173 756 3250 liber,
765 3175 884 3237 honori
896 3174 1078 3256 Agricolae
1094 3177 1203 3240 soceri

150 3278 217 3341 mei
232 3278 430 3354 destinatus,
444 3274 652 3359 professione
668 3276 804 3359 pietatis
819 3287 877 3342 aut
893 3277 1046 3342 laudatus
1063 3278 1127 3343 erit
1143 3289 1202 3344 aut

150 3388 337 3445 excusatus.

195 3608 239 3654 1v.
274 3588 423 3654 Guneus
461 3592 590 3672 Jutrus
624 3590 823 3669 Aonrcorn,
859 3603 973 3659 vetere
1007 3604 1042 3660 et
1080 3592 1201 3661 illustri
1249 3659 1256 3672 x

151 3691 436 3775 Forojuliensium
452 3694 583 3758 colonia
605 3706 706 3773 ortus
725 3706 903 3780 utrumque
926 3719 1024 3762 avum
1048 3720 1201 3780 procura-

151 3804 258 3860 torem
287 3796 468 3860 Caesarum
494 3799 619 3874 habuit,
648 3820 733 3881 quae
760 3801 924 3884 equestris
952 3802 1109 3866 nobilitas
1137 3813 1199 3869 est.

141 3897 247 3990 Pater
253 3898 369 3980 Julius
384 3899 581 3980 Graecinus,
596 3903 759 3968 senatorii
773 3904 912 3982 ordinis,
923 3905 1035 3969 studio
1046 3905 1200 3988 eloquen.
