2550 4252
361 229 486 292 Events
507 229 597 311 after
615 228 669 292 tlte
690 228 808 294 Battle.
1068 248 1108 312 23

56 416 237 500 sexaginta
263 412 423 490 cecidere,
451 411 485 475 in
512 411 587 494 quis
614 410 725 475 Aulus
752 411 892 478 Atticus
919 412 1109 497 praefectus

56 519 219 596 cohortis,
234 516 375 600 juvenili
393 516 509 580 ardore
526 526 559 579 et
575 513 701 580 ferocia
717 517 793 598 equi
815 517 969 582 hostibus
987 519 1108 584 illatus.

56 641 208 687 xxxvru.
241 622 286 685 Et
314 640 380 683 nox
406 619 538 702 quidem
566 619 688 702 gaudio
715 621 904 703 praedaque
932 621 1020 686 laeta
1045 623 1111 687 vic·

55 727 198 791 toribus.
257 723 410 788 Britanni
440 723 592 805 palantes
623 723 790 807 mistoque
821 724 965 788 virorum
997 725 1111 790 mulie-

55 849 201 913 rumque
231 827 371 910 ploratu,
403 828 537 892 trahere
566 826 769 905 vulneratos
797 848 917 892 vocare
949 829 1108 911 integros,

56 937 216 999 deserere
242 934 359 997 domos
385 953 424 996 ac
451 952 511 1014 per
538 931 619 994 iram
645 932 733 995 ultro
758 933 938 996 incendere
951 954 958 1010 ;
986 933 1110 1016 eligere

56 1037 206 1102 latebras
229 1045 263 1100 et
287 1035 402 1100 statim
418 1035 626 1118 relinquere3
650 1035 791 1100 miscere
808 1036 951 1100 invicem
971 1037 1110 1100 consilia

56 1142 179 1224 aliqua,
208 1140 285 1204 dein
316 1159 493 1222 separare;
524 1137 701 1221 aliquando
732 1136 841 1222 frangi
872 1149 1011 1223 aspectu
1042 1141 1111 1223 pig-

1159 857 1169 894 5

56 1265 179 1308 norum
206 1264 351 1321 suorum,
380 1241 513 1324 saepius
541 1241 724 1319 concitari;
756 1243 905 1325 satisque
932 1245 1108 1307 constabat
1172 1325 1174 1330 Ι

42 1348 208 1412 ‘saevisse
225 1349 384 1430 quosdam
401 1346 435 1408 in
452 1345 614 1428 conjuges
633 1366 671 1409 ac
691 1345 823 1422 liberos,
841 1354 1010 1429 tamquam
1034 1347 1111 1410 mis·
1145 1376 1170 1402 10

56 1459 242 1516 erarentur.
291 1449 463 1513 Proximus
488 1449 560 1514 dies
584 1447 705 1513 faciem
728 1449 889 1513 victoriae
913 1448 1013 1512 latius
1036 1471 1111 1532 ape·

17 1576 21 1581 ·
56 1545 147 1633 ruit3
169 1563 302 1617 vastum
319 1553 441 1636 ubique
466 1552 647 1630 silentium,
665 1552 786 1616 secreti
810 1552 922 1631 colles
946 1551 1110 1617 fumantia

56 1656 176 1741 procul
200 1665 300 1734 tecta,
327 1677 425 1720 nemo
451 1655 715 1739 exploratoribus
741 1656 868 1721 obvius.
916 1657 1048 1740 Quibus
1075 1657 1109 1720 in

56 1781 195 1826 omnem
206 1771 336 1843 partem
349 1760 506 1838 dimissis,
521 1759 577 1823 ubi
593 1759 723 1824 incerta
733 1757 834 1842 fugae
844 1760 989 1843 vestigia
1001 1781 1110 1844 neque

57 1885 200 1947 usquam
227 1863 420 1946 conglobari
446 1865 563 1927 hostes
589 1874 801 1955 compertum
829 1875 864 1927 et
895 1874 1012 1928 exacta
1040 1864 1108 1948 jam

57 1977 190 2032 aestate
220 1966 332 2050 spargi
362 1966 487 2030 bellum
517 1967 687 2049 nequibat,
716 1967 750 2029 in
781 1968 865 2030 fines
894 1968 1109 2033 Borestorum

57 2070 244 2136 exercitum
274 2069 419 2134 deducit.
468 2069 520 2133 Ibi
550 2069 698 2152 acceptis
729 2070 911 2146 obsidibus
939 2068 1110 2152 praefecto

57 2173 178 2240 classis
202 2173 405 2238 circumvehi
429 2173 636 2237 Britanniam
658 2173 830 2254 praecipit.
878 2173 988 2236 Datae
1011 2175 1052 2238 ad
1076 2175 1110 2238 id

57 2279 158 2356 vires,
176 2286 210 2341 et
225 2287 453 2360 praecesserat
470 2286 586 2342 terror.
635 2277 713 2358 Ipse
728 2276 876 2359 peditem
897 2285 999 2359 atque
1022 2278 1111 2359 equi-

56 2392 113 2464 tes
129 2381 222 2447 lento
237 2381 368 2458 itinere,
385 2401 451 2463 quo
466 2401 627 2444 novarum
643 2380 795 2463 gentium
812 2379 915 2443 animi
931 2379 1005 2463 ipsa
1023 2389 1110 2444 tran·
1159 2410 1170 2432 τ

57 2487 146 2550 situs
171 2505 264 2548 mora
287 2494 503 2562 terrerentur,
529 2484 563 2547 in
587 2483 737 2548 hibernis
762 2483 893 2550 locavit.
942 2485 987 2548 Et
1011 2485 1110 2548 simul

56 2588 178 2655 classis
203 2589 350 2652 secunda
374 2597 578 2670 tempestate
602 2609 641 2652 ac
663 2585 753 2652 fama
775 2587 1014 2653 Trutulensem
1040 2611 1112 2671 por-

57 2704 133 2759 tum
149 2691 269 2771 tenuit,
287 2693 376 2779 unde
391 2691 541 2774 proximo
562 2691 756 2755 Britanniae
777 2690 883 2756 latere
906 2692 996 2757 lecto
1019 2693 1111 2757 omni

57 2796 215 2863 redierat.

103 2917 223 2963 xxxm.
256 2900 359 2964 Hunc
381 2919 490 2964 rerum
513 2920 655 2976 cursum,
673 2919 874 2982 quamquam
891 2898 983 2963 nulla
997 2901 1113 2964 verbo-

56 3024 133 3069 rum
149 3002 311 3085 jactantia
327 3002 480 3085 epistulis
496 3002 678 3085 Agricolae
697 3013 843 3080 auctum,
861 3011 898 3065 ut
916 3002 1111 3066 Domitiano

56 3107 164 3172 moris
180 3116 261 3184 erat,
277 3104 390 3170 fronte
405 3105 523 3184 laetus,
536 3116 674 3188 pectore
689 3105 806 3168 anxius
824 3105 963 3186 excepit.
998 3106 1111 3169 Inerat

55 3209 268 3276 conscientia
290 3209 415 3274 derisui
438 3207 543 3274 fuisse
565 3229 671 3290 nuper
686 3206 808 3272 falsum
825 3229 844 3271 e
861 3207 1042 3272 Germania
1057 3209 1113 3272 tri·

55 3314 233 3396 umphum,
260 3314 383 3395 emptis
413 3333 473 3395 per
503 3313 711 3390 commercia,
740 3332 879 3394 quorum
911 3312 1046 3376 habitus
1076 3322 1111 3377 et

24 3456 27 3463 ,
55 3417 172 3483 crines
202 3416 237 3479 in
263 3416 471 3498 captivorum
503 3416 649 3498 speciem
680 3413 905 3479 formarentur
917 3436 925 3493 ;
955 3424 990 3479 at
1021 3437 1111 3480 nunc
1146 3449 1171 3486 ³0

54 3539 175 3586 veram
197 3541 420 3603 magnamque
442 3519 616 3584 victoriam
640 3530 691 3583 tot
713 3518 848 3583 milibus
871 3520 1019 3584 hostium
1042 3541 1113 3584 cae·

55 3624 107 3690 sis
129 3622 263 3706 ingenti
283 3621 373 3687 fama
393 3623 561 3688 celebrari.
610 3623 648 3686 ld
673 3622 736 3686 sibi
760 3623 902 3687 maxime
925 3620 1113 3687 formidolo-

56 3746 146 3805 sum,
178 3727 299 3808 privati
330 3726 475 3790 hominis
506 3747 630 3789 nomen
662 3746 761 3807 supra
792 3726 952 3808 principis
983 3725 1092 3789 attolli
1104 3745 1112 3800 ;

55 3829 186 3896 frustra
208 3829 319 3893 studia
334 3827 398 3893 fori
415 3838 449 3894 et
466 3829 613 3893 civilium
631 3828 754 3891 artium
768 3829 877 3892 decus
889 3828 932 3890 in
943 3827 1130 3890 silendum

55 3942 154 4011 acta,¹
168 3932 212 4021 si,
226 3931 406 3998 militarem
432 3931 579 4020 gloriam
603 3933 694 4001 alius
721 3939 915 4016 occuparet
924 3948 941 4006 ·,
967 3936 1010 3991 et
1033 3930 1163 3985 cetera
1193 3943 1227 3976 ss
