2550 4252
173 201 212 264 16
502 198 534 262 Τ
528 197 569 262 lto
584 196 669 291 ‘Life
690 200 731 281 os
745 198 910 283 Agricola.

169 384 269 447 etiam
286 402 433 464 erupere,
452 391 485 445 et
505 379 569 445 luit
591 391 685 445 atrox
706 381 740 445 in
762 382 842 464 ipsis
864 393 1033 464 portarurn
1052 387 1222 468 angustiis

168 487 339 569 proelium,
358 488 464 550 donec
481 486 567 566 pulsi
584 486 708 563 hostes,
727 496 867 569 utroque
884 488 1032 551 exercitu
1054 500 1219 566 certante,

168 590 230 666 his,
248 599 285 653 ut
306 590 423 653 tulisse
444 610 550 670 opem,
569 588 642 663 illis,
661 609 703 652 ne
723 591 856 671 eguisse
876 591 996 653 auxilio
1012 591 1218 658 viderentur.

170 693 270 776 Quod
286 693 350 756 nisi
365 693 503 774 paludes
524 701 558 755 et
580 692 682 755 silvae
702 689 870 774 fugientes
884 693 1056 770 texissent,
1074 695 1221 760 debella-

122 822 135 860 s
168 806 239 860 tum
270 796 326 860 illa
350 796 490 860 victoria
518 793 613 859 foret.
667 814 775 860 xxvu.
810 796 916 877 Cujus
943 798 1153 863 conscientia
1180 821 1220 865 ac

166 895 256 963 fama
275 896 369 962 ferox
388 897 561 973 exercitus,
580 897 662 960 nihil
683 897 798 960 virtuti
822 918 901 960 suae
922 898 1048 962 invium
1064 909 1098 963 et
1118 921 1221 983 pene-

167 1003 319 1067 trandam
351 1001 565 1067 Caledoniam
592 1000 896 1084 inveniendumque
923 1004 1059 1065 tandem
1088 1003 1220 1069 Britan-

167 1107 242 1169 niae
268 1106 448 1169 terminum
474 1105 634 1168 continuo
659 1105 859 1186 proeliorum
883 1126 982 1168 cursu
1004 1104 1218 1187 fremebant;

166 1220 267 1292 atque
280 1209 326 1271 illi
342 1209 440 1271 modo
453 1208 542 1272 cauti
557 1229 595 1272 ac
612 1210 790 1290 sapientes,
805 1209 950 1290 prompti
962 1220 1038 1291 post
1055 1221 1217 1276 eventum

109 1339 134 1366 10
167 1334 205 1376 ac
229 1311 432 1394 magniloqui
455 1321 559 1375 erant.
608 1312 822 1394 Iniquissima
845 1313 928 1376 haec
951 1313 1113 1377 bellorum
1139 1336 1219 1379 con-

166 1417 252 1480 dicio
276 1426 347 1492 est;
374 1436 533 1497 prospera
555 1436 673 1478 omnes
700 1415 763 1479 sibi
786 1416 965 1493 vindicant,
990 1418 1131 1481 adversa
1157 1420 1217 1483 uni

164 1521 379 1601 imputantur.
434 1519 484 1582 At
515 1519 668 1583 Britanni
701 1539 768 1582 non
799 1520 923 1583 virtute
951 1542 986 1583 se
1013 1522 1121 1596 victos,
1155 1524 1216 1587 sed

165 1624 342 1688 occasione
373 1632 407 1686 et
437 1632 509 1686 arte
540 1623 634 1687 ducis
665 1624 737 1698 rati,
766 1623 847 1686 nihil
880 1644 920 1687 ex
950 1625 1141 1708 arrogantia
1167 1647 1219 1690 re-

165 1728 307 1802 mittere,
331 1727 530 1809 quominus
552 1726 764 1809 juventutem
788 1737 963 1801 armarent,
988 1729 1151 1810 conjuges
1175 1751 1216 1794 ac

106 1856 131 1894 ιε
164 1830 288 1894 liberos
311 1831 343 1892 in
370 1830 443 1892 loca
466 1840 539 1893 tuta
559 1827 788 1904 transferrent,
813 1832 962 1894 coetibus
984 1853 1022 1894 ac
1042 1833 1217 1898 sacrificiis

164 1933 448 2014 conspirationem
470 1933 653 1996 civitatium
678 1933 864 2011 sancirent;
887 1944 987 2016 atque
1008 1935 1055 1998 ita
1076 1935 1216 2000 irritatis

163 2037 331 2118 utrimque
353 2036 473 2099 animis
496 2036 689 2100 discessum.
757 2048 772 2104 ,’

206 2159 330 2204 xxvru.
364 2140 492 2203 Eadem
519 2149 647 2203 aestate
671 2141 790 2204 cohors
815 2140 1019 2221 Usipiorum,
1044 2162 1105 2222 per
1133 2143 1216 2207 Ger-

163 2244 291 2307 manias
304 2243 493 2324 conscripta
509 2251 543 2305 et
559 2243 593 2305 in
611 2243 816 2306 Britanniam
834 2244 1038 2320 transmissa,
1053 2265 1214 2327 magnum

105 2374 130 2399 20
163 2368 202 2411 ac
223 2346 437 2410 memorabile
457 2343 587 2409 facinus
609 2367 689 2409 ausa
712 2356 772 2410 est.
821 2346 943 2410 Occiso
960 2349 1157 2413 centurione
1174 2371 1215 2415 ac

163 2450 332 2525 militibus,
347 2449 402 2532 qui
418 2450 459 2512 ad
475 2450 669 2512 tradendam
687 2449 894 2530 disciplinam
912 2450 1048 2514 immisti
1064 2454 1216 2534 manipu-

163 2554 203 2616 lis
231 2554 417 2634 exemplum
446 2562 479 2615 et
510 2562 657 2616 rectores
689 2553 905 2628 habebantur,
931 2564 999 2617 tres
1030 2554 1214 2621 liburnicas

163 2658 288 2720 adactis
305 2658 445 2737 pervim
462 2657 741 2738 gubernatoribus
758 2659 963 2734 ascendere;‘
980 2669 1013 2722 et
1030 2680 1097 2722 uno
1117 2664 1215 2725 remi-

163 2770 273 2842 gante,
291 2761 456 2840 suspectis
476 2761 605 2823 duobus
630 2780 736 2842 eoque
760 2759 955 2837 interfectis,
975 2764 1123 2826 nondum
1143 2766 1215 2828 vul-

104 2892 128 2928 2s
162 2874 240 2945 gato
272 2884 403 2925 rumore
431 2873 466 2926 ut
494 2863 689 2927 miraculum
716 2866 1012 2945 praevehebantur.
1061 2867 1143 2930 Mox
1170 2871 1214 2932 ad

162 2989 279 3050 aquam
293 2978 393 3049 atque
406 2967 500 3029 utilia
515 2968 684 3049 rapientes
701 2989 775 3031 cum
792 2969 960 3051 plerisque
974 2970 1213 3038 Britannorum

162 3091 222 3134 sua
242 3069 489 3135 defensantium
512 3071 638 3152 proelio
663 3072 844 3153 congressi,
868 3094 906 3136 ac
930 3093 1030 3155 saepe
1054 3075 1211 3151 victores,

161 3175 337 3257 aliquando
360 3174 456 3256 pulsi,
474 3195 514 3238 eo
538 3176 579 3237 ad
603 3184 787 3238 extremum
810 3175 941 3257 inopiae
957 3198 1089 3255 venere,
1107 3188 1145 3242 ut
1165 3181 1215 3243 in-

161 3279 368 3341 firmissimos
385 3298 529 3352 suorum,
545 3298 621 3340 mox
638 3287 727 3341 sorte
744 3280 863 3343 ductos
875 3292 1099 3347 vescerentur.
1148 3283 1214 3349 At-

38 3381 45 3391 “
103 3412 128 3448 ³0
161 3401 237 3463 que.
252 3382 298 3444 ita
324 3382 538 3445 circumvecti
564 3382 780 3456 Britanniam,
805 3384 936 3447 amissis
960 3405 1019 3466 per
1041 3385 1212 3453 inscitiam

160 3485 299 3566 regendi
319 3485 469 3558 navibus,
487 3505 546 3565 pro
562 3485 786 3566 praedonibus
803 3487 916 3564 habiti,
934 3489 1077 3568 primum
1093 3511 1113 3553 a
1130 3490 1213 3556 Sue-

159 3587 218 3663 vis,
236 3608 313 3650 mox
336 3609 355 3652 a
379 3587 497 3650 Frisiis
522 3587 701 3668 intercepti
724 3599 811 3653 sunt.
859 3589 914 3654 Ac
929 3588 1023 3654 fuere
1045 3614 1128 3675 quos
1151 3616 1213 3676 per

160 3692 359 3755 commercia
373 3691 594 3754 venumdatos
618 3699 652 3754 et
675 3691 709 3753 in
732 3702 879 3755 nostram
900 3715 1004 3776 usque
1021 3697 1125 3777 ripam
1142 3718 1213 3762 mu-

159 3795 286 3859 tatione
310 3793 493 3860 ementium
516 3794 678 3858 adductos
706 3794 865 3859 indicium
890 3798 976 3862 tanti
1001 3820 1097 3865 casus
1120 3800 1212 3866 illus·

88 3926 120 3960 ³5
152 3899 258 3962 travit.
