2550 4252
183 214 224 278 28
506 213 572 278 The
594 215 672 298 Life
694 216 734 298 of
748 215 910 300 Agricola.

183 398 260 461 data
275 414 451 478 vocesque,
469 416 550 478 quas
573 397 708 478 penitus
732 399 843 462 animo
866 399 1054 482 figeremus.
1107 402 1230 467 Noster

183 503 237 567 hic
257 499 358 577 dolor,
376 509 528 563 nostrum
545 499 685 579 vulnus;
709 502 805 566 nobis
821 512 890 566 tam
914 503 1035 586 longae
1059 504 1230 570 absentiae

184 605 379 671 condicione
395 611 474 668 ante
492 603 745 686 quadriennium
762 606 904 670 amissus
922 617 983 672 est.
1019 607 1147 672 Omnia
1163 609 1231 674 sine

183 711 293 789 dubio,
311 708 437 792 optime
461 717 647 788 parentum,
672 708 842 773 assidente
867 710 1099 775 amantissima
1123 733 1229 791 uxore,

125 839 137 878 s
184 812 377 898 superfuere
393 811 511 875 honori
529 819 587 873 tuo
597 832 605 888 ;
627 812 838 892 paucioribus
856 822 969 878 tamen
986 815 1133 879 lacrimis
1150 837 1232 881 com-

183 919 331 1001 ploratus
356 937 402 993 es,
428 925 462 979 et
489 914 671 978 novissima
696 915 729 978 in
756 915 831 981 luce
854 918 1086 983 desideravere
1110 919 1231 1003 aliquid

184 1020 270 1087 oculi
289 1021 347 1086 tui.
394 1039 486 1085 xtvr.
521 1018 557 1083 Si
581 1017 654 1099 quis
679 1019 808 1101 piorum
833 1022 986 1086 manibus
1010 1022 1114 1101 locus,
1136 1023 1174 1101 si,
1197 1033 1230 1087 ut

185 1126 390 1208 sapientibus
403 1124 521 1207 placet,
536 1145 602 1187 non
621 1145 696 1188 cum
715 1144 853 1206 corpore
869 1126 1131 1209 exstinguuntur
1146 1148 1231 1211 mag-

185 1250 247 1293 nae
270 1229 409 1306 animae,
434 1227 562 1310 placide
589 1228 751 1310 quiescas
771 1249 898 1311 nosque
921 1231 1056 1294 domum
1079 1239 1173 1295 tuam
1194 1232 1232 1295 ab

127 1358 152 1387 ιο
185 1334 315 1397 infirmo
346 1332 510 1396 desiderio
538 1341 572 1395 et
601 1332 819 1396 muliebribus
844 1333 999 1397 lamentis
1022 1335 1064 1398 ad
1089 1344 1233 1401 contem-

184 1439 365 1521 plationem
394 1438 554 1500 virtutum
587 1445 718 1500 tuarum
747 1458 856 1515 voces,
882 1459 964 1520 quas
991 1459 1102 1521 neque
1129 1438 1232 1522 lugeri

185 1562 293 1625 neque
324 1542 436 1624 plangi
467 1539 517 1604 fas
549 1552 609 1606 est.
658 1541 894 1605 Admiratione
920 1551 955 1605 te
983 1542 1105 1624 potius,
1137 1563 1233 1626 quam

185 1645 423 1728 temporalibus
448 1645 610 1722 laudibus
636 1655 680 1722 et,
706 1646 734 1708 si
758 1655 877 1708 natura
901 1646 1103 1726 suppeditet,
1127 1667 1233 1710 aemu-

111 1813 114 1815 ,
184 1751 310 1814 latione
333 1751 538 1813 decoremus.
587 1750 621 1812 Is
645 1770 744 1812 verus
768 1750 884 1826 honos,
902 1769 942 1814 ea
965 1748 1233 1830 conjunctissimi
1271 1778 1273 1812 :

127 1877 151 1916 ιε
186 1854 348 1935 cujusque
373 1853 489 1934 pietas.
539 1853 577 1915 Id
603 1850 690 1916 filiae
716 1873 847 1936 quoque
872 1853 1032 1935 uxorique
1059 1873 1234 1936 praecepe-

186 1957 257 2034 rim,
276 1956 323 2020 sic
340 1956 454 2038 patris,
473 1956 521 2020 sic
537 1956 647 2020 mariti
671 1957 864 2021 memoriam
882 1956 1043 2034 venerari,
1062 1966 1099 2020 ut
1125 1957 1235 2021 omnia

185 2058 274 2126 facta
304 2061 460 2142 dictaque
491 2060 563 2142 ejus
599 2080 711 2124 secum
744 2059 926 2138 revolvant,
958 2059 1169 2143 formamque
1199 2081 1234 2124 ac

185 2167 325 2249 figuram
342 2165 443 2229 animi
461 2164 567 2247 magis
585 2185 681 2247 quam
696 2165 844 2247 corporis
861 2163 1149 2246 complectantur;
1171 2185 1235 2228 non

185 2270 262 2353 quia
287 2270 562 2334 intercedendum
589 2278 703 2351 putem
731 2268 941 2350 imaginibus,
964 2288 1048 2350 quae
1072 2288 1235 2332 marmore

127 2397 152 2426 ω
185 2384 242 2438 aut
266 2394 342 2437 aere
366 2374 558 2455 finguntur3
585 2372 642 2436 sed
667 2382 703 2435 ut
724 2370 836 2434 vultus
860 2372 1042 2448 hominum,
1068 2371 1116 2435 ia
1141 2372 1236 2435 simu-

186 2477 274 2540 lacra
296 2476 408 2539 vultus
434 2475 600 2567 imbecilla
626 2496 664 2539 ac
691 2475 843 2539 mortalia
868 2484 956 2552 sunt,
981 2472 1087 2539 forma
1113 2476 1236 2539 mentis

186 2589 331 2656 aeterna,
360 2600 457 2661 quam
485 2589 600 2643 tenere
631 2589 664 2642 et
694 2578 878 2660 exprimere
909 2599 976 2641 non
1004 2598 1063 2659 per
1093 2577 1236 2642 alienam

187 2683 358 2747 materiam
376 2692 408 2746 et
425 2692 541 2760 artem,
561 2684 619 2746 sed
637 2682 704 2745 tuis
722 2682 794 2764 ipse
810 2682 958 2746 moribus
974 2682 1091 2763 possis.
1140 2682 1237 2764 Quic-

187 2787 265 2869 quid
296 2807 336 2850 ex
366 2786 527 2869 Agricola
559 2786 752 2863 amavimus,
786 2785 941 2868 quicquid
972 2785 1083 2848 mirati
1111 2805 1236 2861 sumus,

128 2915 153 2954 ιε
187 2900 299 2954 manet
324 2910 581 2973 mansurumque
610 2900 660 2955 est
686 2890 721 2953 in
745 2889 864 2953 animis
884 2889 1066 2966 hominum,
1084 2888 1119 2951 in
1136 2899 1239 2952 aeter-

186 2994 294 3059 nitate
317 3004 514 3075 temporum,
540 2992 629 3059 fama
654 3014 772 3058 rerum.
822 2993 909 3056 Nam
935 2991 1058 3055 multos
1074 3001 1237 3068 veterum,

187 3099 278 3163 velut
306 3099 474 3182 inglorios
505 3110 538 3165 et
567 3097 741 3182 ignobiles,
771 3096 894 3161 oblivio
920 3095 1050 3173 obruit;
1077 3093 1240 3178 Agricola

187 3203 377 3286 posteritati
394 3212 547 3267 narratus
565 3211 598 3265 et
616 3200 759 3264 traditus
778 3209 949 3282 superstes
965 3198 1038 3264 erit.
