2550 4252
219 209 256 269 14
549 189 614 252 Tae
636 189 713 270 Life
735 191 775 270 of
789 189 953 272 Agricola.

214 380 396 444 obsidionis
413 380 532 444 annuis
549 378 652 460 copiis
676 381 901 444 firmabantur.
951 381 1003 443 Ita
1026 379 1198 462 intrepida
1221 383 1265 447 ibi

214 484 331 560 hiems,
349 493 383 547 et
407 484 469 546 sibi
493 483 632 566 quisque
655 483 828 564 praesidi0,
852 483 952 546 irritis
977 483 1131 547 hestibus
1156 505 1265 569 eoque

214 588 478 668 desperantibus,
510 587 588 669 quia-
617 586 706 649 soliti
736 587 931 669 plerumque
965 587 1086 650 damna
1123 591 1264 654 aestatis

214 691 362 754 hibernis
386 690 561 754 eventibus
586 708 736 772 pensare,
762 699 833 752 tum
860 699 989 753 aestate
1019 700 1120 773 atque
1152 691 1264 757 hieme

155 828 167 865 ⁵
213 794 307 877 juxta
336 794 552 876 pellebantur.
602 793 675 856 Nec
706 792 868 875 Agricola
898 814 1054 876 umquam
1089 815 1152 876 per
1181 797 1264 860 alios

213 907 310 979 gesta
339 898 455 960 avidus
486 896 682 977 intercepit;
714 916 773 959 seu
798 897 949 961 centurio
980 917 1040 960 seu
1070 896 1264 979 praelectus

213 1002 443 1082 incorruptum
472 998 552 1063 facti
591 1009 713 1063 testem
751 1001 903 1064 habebat.
958 1000 1061 1082 Apud
1099 1005 1263 1084 quosdam

213 1105 363 1169 acerbior
385 1104 420 1167 in
443 1103 602 1167 conviciis
626 1104 842 1180 narrabatur;
871 1113 906 1167 ut
930 1113 1001 1167 erat
1025 1105 1129 1167 comis
1154 1106 1261 1180 bonis,

209 1210 257 1273 ita
280 1212 438 1274 adversus
462 1211 567 1274 malos
583 1212 803 1293 injucundus.
854 1213 1011 1276 Ceterum
1029 1232 1071 1275 ex
1093 1211 1267 1276 iracundia

151 1335 176 1362 10
209 1319 292 1382 nihil
309 1330 481 1402 supererat
500 1329 675 1397 secretum,
690 1330 725 1383 ut
744 1319 913 1383 silentium
933 1321 1006 1403 ejus
1022 1343 1090 1386 non
1107 1321 1266 1398 timeres;

209 1425 384 1488 honestius
402 1425 539 1505 putabat
557 1421 728 1488 offendere
745 1446 843 1507 quam
860 1427 980 1492 odisse.

255 1544 354 1589 xxm.
388 1525 517 1606 Quarta
546 1535 656 1590 aestas
680 1527 870 1590 obtinendis
894 1549 978 1610 quae
1007 1545 1262 1610 percucurrerat

212 1628 399 1710 insumpta3
423 1649 470 1703 ac,
488 1629 517 1692 si
536 1630 641 1693 virtus
665 1630 869 1693 exercituum
887 1641 921 1694 et
946 1633 1090 1696 Romani
1113 1638 1261 1719 nominis

212 1732 317 1813 gloria
338 1742 517 1813 pateretur,
542 1733 699 1796 inventus
724 1734 758 1796 in
783 1734 855 1815 ipsa
881 1735 1055 1800 Britannia
1084 1740 1259 1806 terminus

214 1836 366 1917 Namque
391 1836 489 1899 Clota
511 1845 545 1899 et
569 1836 735 1910 Bodotria,
761 1837 882 1900 diversi
906 1839 1005 1901 maris
1029 1841 1177 1905 aestibus
1203 1863 1261 1926 per

212 1939 412 2001 immensum
436 1949 598 2016 revectae,
619 1950 761 2021 angusto
786 1950 947 2004 terrarum
972 1943 1078 2024 spatio
1102 1944 1262 2011 dirimun-

212 2051 274 2117 tur,
314 2043 402 2124 quod
441 2051 513 2106 tum
548 2043 721 2124 praesidiis
757 2044 958 2124 firmabatur,
1011 2056 1112 2129 atque
1149 2052 1260 2114 omnis

211 2145 345 2227 propior
361 2146 453 2210 sinus
476 2147 662 2224 tenebatur,
680 2147 855 2210 summotis
877 2147 969 2212 velut
992 2149 1026 2212 in
1050 2150 1148 2250 aliam
1172 2152 1262 2218 insu-

211 2249 276 2313 lam
292 2250 453 2314 hostibus

255 2373 349 2418 xx1v.
384 2354 512 2437 Quinto
530 2353 779 2436 expeditionum
802 2375 900 2429 anno,
918 2375 1003 2419 nave
1026 2357 1133 2438 prima
1155 2367 1261 2426 trans-

211 2477 355 2538 gressus,
374 2457 506 2539 ignotas
530 2458 571 2520 ad
595 2458 627 2521 id
651 2466 783 2538 tempus
807 2468 927 2540 gentes
951 2461 1075 2529 crebris
1099 2462 1199 2526 simul
1223 2485 1261 2530 ac

211 2561 378 2641 prosperis
403 2561 537 2642 proeliis
562 2561 699 2637 domuit,
725 2581 864 2643 eamque
895 2572 1022 2643 partem
1053 2564 1259 2644 Britanniae,

211 2683 295 2745 quae
313 2664 511 2728 Hiberniam
527 2664 654 2746 aspicit,
674 2664 778 2745 copiis
795 2665 960 2743 instruxit,
977 2667 1012 2729 in
1035 2688 1128 2748 spem
1152 2673 1261 2754 magis

211 2788 308 2849 quam
325 2769 368 2831 ob
389 2766 621 2845 formidinem3
645 2768 673 2832 si
690 2769 823 2850 quidem
844 2769 1018 2844 Hibernia,
1036 2771 1147 2835 medio
1171 2775 1262 2840 inter

212 2871 417 2934 Britanniam
445 2882 545 2955 atque
577 2872 776 2953 Hispaniam
808 2872 872 2936 sita
901 2882 935 2936 et
967 2873 1095 2937 Gallico
1126 2897 1262 2961 quoque

211 2977 291 3040 mari
315 2987 509 3058 opportuna,
533 2977 797 3041 valentissimam
821 2977 950 3059 imperii
974 2990 1102 3060 partem
1126 2986 1261 3066 magnis

210 3081 353 3144 invicem
370 3082 484 3144 usibus
506 3081 684 3145 miscuerit.
734 3081 886 3162 Spatium
911 3082 993 3163 ejus,
1011 3083 1039 3145 si
1064 3083 1261 3153 Britanniae

210 3194 427 3265 comparetur,
460 3185 643 3266 angustius
676 3184 782 3246 nostri
817 3184 916 3247 maris
952 3184 1077 3248 insulas
1111 3201 1259 3269 superat.

211 3287 326 3350 Solum
342 3288 536 3369 caelumque
558 3297 592 3350 et
615 3287 751 3368 ingenia
774 3288 950 3370 cultusque
973 3289 1145 3353 hominum
1170 3293 1262 3358 haud

139 3373 141 3376 ’
209 3391 349 3454 multum
373 3411 392 3454 a
415 3391 588 3453 Britannia
603 3387 715 3453 differt
731 3390 765 3452 in
781 3391 919 3467 melius;
942 3393 1052 3455 aditus
1075 3403 1262 3480 portusque

209 3514 268 3575 per
284 3494 482 3557 commercia
497 3503 531 3557 et
548 3493 774 3575 negotiatores
788 3495 922 3577 cogniti.
970 3495 1132 3578 Agricola
1148 3501 1263 3582 expul-

210 3619 282 3661 sum
298 3598 464 3662 seditione
483 3597 667 3660 domestica
689 3618 792 3659 unum
816 3618 857 3661 ex
881 3599 1005 3680 regulis
1029 3601 1142 3683 gentis
1166 3623 1263 3669 exce-

208 3711 302 3783 perat
333 3722 371 3766 ac
409 3701 521 3782 specie
558 3701 723 3764 amicitiae
760 3701 795 3763 in
830 3702 1041 3766 occasionem
1080 3704 1258 3774 retinebat.

210 3805 318 3887 Saepe
342 3826 382 3869 ex
409 3825 448 3869 eo
480 3805 598 3879 audivi,
630 3805 764 3886 legione
795 3825 862 3868 una
891 3816 926 3869 et
956 3807 1096 3871 modicis
1127 3811 1261 3876 auxiliis

136 3920 163 3966 a
196 3909 361 3971 debellari
390 3908 607 3993 obtinerique
642 3908 845 3974 Hiberniam
877 3929 989 3990 pesse,
1018 3911 1117 3990 idque
1156 3915 1258 3978 etiam
