2550 4252
261 354 621 432 ‚ANNOUN'CEMENTS
646 374 693 423 OF
710 375 765 424 NE
772 376 806 424 W
825 375 957 425 BOOKS.
1107 372 1136 428 xi

88 649 231 756 Ginn
283 648 338 755 8z
396 648 617 755 Heath's
669 648 919 756 Classical
968 652 1135 757 Atlas

84 864 240 927 Containing
262 877 294 928 23
316 864 426 914 Colored
446 866 530 929 Maps,
553 865 604 913 and
627 881 642 912 a
665 866 789 928 complete
811 866 898 915 Index.
933 866 988 916 Size
1008 867 1036 916 os
1056 869 1138 931 Maps,

358 960 386 1012 15
395 957 418 1002 ><
427 961 456 996 12
467 949 572 1007 inches;
595 947 682 995 iolded
694 947 749 1006 8v0,
763 947 824 1012 w(
834 960 871 996 12.

493 1119 520 1177 C
524 1118 738 1177 ONTENTS.

83 1211 132 1316 Ὗ
150 1267 222 1315 Plan
239 1266 271 1314 ol
280 1266 381 1324 Rome,
395 1266 451 1314 and
465 1265 654 1313 illustrations
667 1265 699 1312 oi
708 1264 845 1313 Classical
859 1265 944 1314 Sires.

102 1363 125 1398 2.
149 1350 211 1397 The
224 1348 326 1396 World
338 1362 370 1396 as
383 1349 485 1396 known
497 1356 527 1396 to
539 1348 586 1395 the
600 1348 747 1395 Aneients.

102 1445 125 1493 3.
150 1432 219 1493 Map
232 1431 263 1478 of
272 1431 320 1478 the
333 1438 413 1478 outer
425 1430 596 1492 Geography
609 1430 639 1476 oi
649 1430 696 1477 the
711 1429 851 1490 Odyssey.

51 1560 54 1566 ,
100 1529 125 1574 4.
150 1513 234 1561 Orbis
248 1513 399 1560 Terrarum
415 1512 457 1574 (et
474 1512 540 1560 Orb.
561 1511 689 1569 Homeri,
709 1511 856 1570 Herodoti,
876 1512 1039 1572 Democriti,
1059 1513 1136 1562 Stra·

184 1595 277 1653 bonis,
292 1594 463 1658 Ptolemaei).

101 1691 124 1743 5.
149 1678 300 1740 Hispania.

100 1761 123 1808 6.
147 1760 247 1809 Gallia.

101 1855 125 1905 7.
151 1841 256 1890 Insulae
267 1841 439 1890 Britannicae
451 1841 492 1903 (et
504 1841 573 1889 Brit.
585 1841 741 1899 Strabonis,
751 1841 820 1890 Brit.
836 1841 992 1900 Ptolemaei,
1005 1840 1085 1904 eto).

100 1924 124 1972 8.
150 1924 311 1982 Germania,
323 1923 491 1981 VindeIIcia,
505 1923 626 1981 Rhaetia,
639 1930 668 1970 et
680 1923 826 1972 Noricum.

99 2020 123 2067 9.
148 2006 306 2064 Pannonia,
320 2006 417 2063 Dacia,
432 2005 584 2066 Illyricum,
598 2005 710 2063 Moesia,
724 2005 903 2064 Macedonia,
916 2013 944 2053 et
956 2005 1085 2054 Thracia.

87 2101 125 2137 10.
151 2088 233 2136 ltalia
245 2088 379 2150 Superior
390 2096 418 2135 et
430 2087 554 2135 Corsica.

86 2183 123 2219 ιι.
148 2170 231 2217 Italia
252 2170 378 2227 Inferior,
398 2169 502 2228 Sicilia,
522 2177 550 2217 et
571 2168 701 2216 Sardinia
725 2168 767 2230 (et
787 2168 953 2231 Campania,
976 2169 1133 2230 Syracusae,

183 2253 298 2312 Roma).

85 2348 123 2384 12.
149 2333 303 2397 Imperium
317 2336 480 2382 Romanum
497 2333 538 2395 (et
551 2333 624 2396 Imp.
638 2334 720 2381 Rom.
735 2333 840 2381 Orient.
856 2341 884 2381 et
897 2331 1019 2396 Occid.).

86 2430 122 2481 13.
146 2418 255 2466 Graecia
270 2417 311 2479 (et
323 2417 453 2474 Athenae,
468 2416 629 2474 Marathon,
643 2412 868 2478 Thermopylae).

84 2511 122 2560 14.
148 2499 374 2561 Peloponnesus,
388 2499 490 2556 Attica,
505 2499 625 2556 Boeotia,
640 2498 753 2555 Phocis,
767 2498 882 2555 AEtolia,
896 2505 924 2546 et
937 2498 1105 2546 Acarnania.

85 2594 122 2645 15.
146 2582 255 2630 Graecia
278 2596 295 2628 a
320 2580 401 2627 Bello
420 2580 673 2642 Peloponnesiaco,
692 2593 782 2642 usque
801 2580 838 2627 ad
857 2579 1020 2642 Philippum
1040 2579 1077 2627 11.
1093 2580 1135 2642 (et

182 2664 338 2721 Mantinea,
352 2664 482 2721 Leuctra,
497 2662 628 2724 Plataea).

83 2746 122 2794 16.
144 2747 214 2793 Asia
223 2746 318 2792 Minor
327 2744 369 2806 (et
378 2745 505 2807 Campus
515 2744 616 2805 Trojae,
627 2745 784 2807 Bosporus,
794 2745 892 2802 Troas,
903 2744 991 2803 lonia,
1001 2744 1079 2805 etc.).

84 2840 121 2891 17.
147 2828 227 2888 Syria
239 2835 267 2875 et
280 2827 426 2875 Palestina
441 2826 482 2888 (et
495 2827 706 2888 Hierosolyma,
721 2826 799 2888 etc.).

82 2909 120 2957 18.
145 2910 288 2967 Armenia,
314 2909 533 2971 Mesopotamia,
559 2909 727 2970 Babylonia,
752 2909 871 2970 Assyria
894 2909 935 2970 (et
959 2907 1015 2956 lter
1038 2908 1133 2955 Xeno·

181 2992 321 3054 phontis).

82 3087 121 3134 19.
147 3075 279 3134 Regnum
292 3073 444 3121 Alexandri
457 3073 558 3134 Magni
574 3073 615 3135 (et
627 3072 775 3131 Granicus,
790 3072 881 3129 Issus,
894 3069 1021 3133 Arbela).

80 3168 121 3203 20.
148 3156 245 3202 Persia
258 3164 286 3203 et
299 3155 380 3203 India
396 3155 437 3217 (et
451 3155 532 3203 India
548 3154 721 3216 Ptolomaei).

80 3251 121 3286 21.
146 3238 299 3299 AEgyptua,
313 3237 426 3295 Arabia,
443 3247 471 3285 et
483 3239 631 3300 AEthiopia
647 3238 688 3298 (et
699 3237 824 3297 AEgytus
838 3233 980 3297 1nreri0r).

80 3332 119 3367 22.
143 3319 237 3366 Africa
251 3319 293 3381 (et
306 3319 457 3380 Carthago,
472 3320 650 3378 Alexandria,
665 3317 801 3367 Numidia
813 3325 841 3365 et
853 3317 947 3364 Africa
961 3314 1101 3378 Propria).
1128 3375 1132 3383 Ι

79 3415 120 3462 23·
145 3402 266 3463 Europe,
280 3402 412 3462 showing
421 3402 468 3450 the
478 3402 593 3463 general
602 3401 738 3449 direction
748 3400 779 3447 ol
788 3400 835 3447 the
847 3399 1002 3446 Barbarian
1013 3397 1131 3445 Inroads

180 3483 281 3544 during
294 3484 341 3532 the
355 3484 472 3532 Decline
485 3485 541 3532 and
554 3483 615 3531 Fall
628 3483 658 3529 oi
670 3483 717 3529 the
731 3483 843 3529 Roman
857 3481 981 3542 Empire.

147 3564 242 3612 Index.
903 3561 1004 3624 [Ready
1016 3563 1045 3608 in
1058 3561 1131 3624 July.

79 3745 172 3807 until
193 3746 218 3806 ir
237 3743 373 3818 ΗΕΑΤΗ,
393 3744 567 3817 Publiahera,
588 3745 705 3815 Boaton,
725 3742 794 3802 liew
811 3741 897 3814 Yorlr,
919 3739 975 3802 and
996 3739 1129 3819 Ohioago.
