2550 4252
342 228 456 292 Buttle
479 228 520 309 of
536 228 637 290 Mons
662 227 839 310 Graupius.
1075 247 1112 292 21

63 413 248 496 approbate
269 410 472 494 reipublicae
492 427 674 493 numquam
700 411 860 474 exercitui
883 412 1038 494 imputari
1061 432 1117 494 po

64 518 172 582 tuisse
188 525 246 581 aut
261 536 371 579 moras
387 515 466 578 belli
482 524 540 579 aut
557 535 673 578 causas
690 514 904 580 rebellandi.''

109 639 213 685 xxxv.
248 621 293 683 Et
316 619 507 702 alloquente
534 619 643 682 adhuc
666 617 828 700 Agricola
852 618 993 683 militum
1020 621 1118 684 ardor

63 725 244 799 eminebat,
262 733 297 787 et
319 725 422 786 finem
441 722 602 786 orationis
622 721 743 804 ingens
762 722 916 786 alacritas
936 734 1118 787 consecuta

63 838 119 893 est
146 828 326 910 statimque
355 828 397 891 ad
428 847 519 890 arma
549 826 745 890 discursum.
805 826 991 890 Instinctos
1022 848 1117 890 ruen-
1163 855 1175 895 s

63 943 185 1015 tesque
208 932 255 995 ita
277 932 449 1013 disposuit,
472 940 508 994 ut
531 931 681 1013 peditum
705 929 833 1006 auxilia,
852 950 936 1013 quae
959 940 1036 994 octo
1060 932 1117 993 mi-

63 1036 147 1099 lium
169 1044 273 1109 erant,
291 1035 434 1098 mediam
450 1035 555 1099 aciem
572 1035 753 1108 firmarent,
771 1034 919 1116 equitum
942 1035 1006 1098 tria
1028 1035 1118 1098 milia

63 1139 224 1204 cornibus
247 1135 519 1216 affunderentur3
541 1137 693 1218 legiones
716 1157 776 1219 pro
799 1138 886 1202 vallo
910 1148 1045 1213 stetere,
1071 1140 1117 1202 in-

63 1263 152 1326 gens
163 1242 321 1307 victoriae
332 1243 435 1306 decus
449 1242 532 1305 citra
545 1242 735 1304 Romanum
749 1241 946 1324 sanguinem
959 1243 1114 1317 bellandi,

63 1356 101 1410 et
120 1346 286 1421 auxilium,
304 1346 332 1408 si
353 1345 566 1428 pellerentur.
615 1345 851 1407 Britannorum
873 1345 971 1418 acieS,
989 1346 1023 1408 in
1046 1367 1117 1428 spe·
1152 1370 1176 1397 ιο

63 1449 152 1514 ciem
172 1448 269 1512 simul
285 1469 323 1512 ac
340 1457 511 1523 terrorem,
530 1447 725 1511 editioribus
741 1448 824 1511 locis
841 1449 1038 1512 constiterat
1060 1450 1114 1525 ita,

63 1563 104 1616 ut
126 1553 269 1634 primum
290 1572 411 1634 agmen
433 1572 548 1634 aequ0,
568 1551 671 1615 ceteri
695 1571 755 1632 per
777 1552 902 1615 acclive
924 1553 1041 1634 jugum
1066 1573 1118 1616 co·

63 1657 143 1720 nexi
173 1657 266 1720 velut
295 1656 530 1738 insurgerent;
564 1655 675 1718 media
705 1656 813 1737 campi
844 1656 1056 1720 covinnarius
1087 1668 1120 1719 et

63 1781 169 1843 eques
192 1759 334 1842 strepitu
357 1780 396 1823 ac
419 1759 572 1823 discursu
596 1759 793 1840 complebat.
841 1761 928 1822 Tum
956 1760 1117 1842 Agricola

63 1872 247 1946 superante
271 1863 419 1927 hostium
446 1862 662 1926 multitudine
685 1863 821 1937 veritus,
847 1885 890 1926 ne
915 1864 949 1926 in
970 1861 1116 1928 frontem
1152 1889 1175 1928 ιε

63 1966 164 2031 simul
188 1976 222 2031 et
245 1966 350 2030 latera
370 1987 507 2029 suorum
531 1975 745 2048 pugnaretur,
766 1967 910 2031 diductis
934 1968 1115 2044 ordinibus,

62 2090 264 2154 quamquam
291 2069 475 2152 porrectior
495 2069 585 2133 acies
609 2067 723 2132 futura
746 2068 818 2133 erat
841 2080 876 2132 et
899 2073 1117 2135 arcessendas

62 2174 215 2256 plerique
244 2173 395 2256 legiones
422 2173 658 2246 admonebant,
685 2172 869 2255 promptior
895 2173 929 2235 in
958 2193 1051 2255 spem
1083 2185 1117 2237 et

62 2279 181 2341 firmus
207 2277 365 2352 adversis,
390 2276 527 2360 dimisso
552 2296 637 2358 equo
664 2276 767 2357 pedes
795 2286 873 2339 ante
895 2276 1016 2339 vexilla
1042 2297 1117 2340 con-

62 2381 159 2445 stitit
1152 2403 1177 2430 20

107 2502 226 2548 xxxvr.
255 2483 310 2548 Ac
323 2483 429 2566 primo
442 2502 625 2565 congressu
638 2483 769 2546 eminus
786 2484 990 2560 certabatur;
1007 2484 1118 2546 simul-

61 2608 129 2670 que
150 2587 341 2652 constantia
365 2586 463 2650 simul
480 2597 551 2650 arte
568 2586 722 2650 Britanni
738 2587 932 2669 ingentibus
948 2588 1066 2670 gladiis
1083 2597 1117 2652 et

62 2691 222 2756 brevibus
245 2691 346 2755 cetris
369 2690 508 2754 missilia
530 2699 721 2753 nostrorum
745 2691 850 2754 vitare
872 2690 925 2754 vel
949 2701 1114 2767 excutere,

61 2805 164 2876 atque
191 2794 254 2877 ipsi
281 2815 437 2876 magnam
464 2793 532 2856 vim
562 2793 705 2856 telorum
733 2791 984 2875 superfundere,
1008 2796 1116 2858 donec

61 2897 227 2979 Agricola
252 2898 454 2961 Batavorum
480 2898 637 2960 cohortes
661 2917 699 2960 ac
723 2898 936 2978 Tungrorum
960 2899 1041 2960 duas
1065 2920 1116 2962 co·
1152 2927 1175 2966 2⁵

61 3003 218 3065 hortatus
234 3010 295 3076 est,
310 3010 347 3064 ut
362 3021 433 3064 rem
450 3001 492 3064 ad
508 3020 686 3063 mucrones
703 3021 742 3063 ac
758 3020 876 3063 manus
893 3001 1116 3077 adducerent;

61 3104 153 3187 quod
169 3113 204 3168 et
219 3103 301 3186 ipsis
316 3113 487 3167 vetustate
508 3104 646 3167 militiae
668 3104 894 3176 exercitatum,
913 3113 947 3165 et
962 3103 1115 3167 hostibus

61 3207 211 3272 inhabile
241 3228 343 3289 parva
373 3217 469 3271 scuta
499 3216 534 3271 et
564 3226 720 3270 enormes
751 3206 879 3289 gladios
909 3207 1113 3287 gerentibus.

62 3312 153 3375 Nam
167 3311 404 3374 Britannorum
417 3311 519 3392 gladii
532 3310 606 3374 sine
618 3330 778 3374 mucrone
791 3309 1000 3391 complexum
1014 3331 1117 3374 armo-

62 3434 138 3480 rum
154 3423 188 3478 et
204 3414 238 3477 in
254 3423 327 3477 arto
340 3434 486 3496 pugnam
500 3434 567 3476 non
581 3413 777 3478 tolerabant.
819 3413 934 3495 Igitur,
949 3425 985 3477 ut
999 3415 1116 3478 Batavi
1151 3445 1176 3482 ³0

61 3518 206 3582 miscere
229 3517 326 3592 ictuS,
346 3514 446 3580 ferire
470 3517 681 3591 umbonibus,
702 3538 760 3581 ora
780 3514 925 3592 foedare,
946 3528 979 3581 et
1003 3519 1116 3582 stratis

60 3621 120 3705 qui
136 3621 171 3683 in
187 3641 293 3703 aequo
317 3620 493 3684 astiterant
516 3621 645 3701 erigere
662 3620 696 3682 in
713 3620 816 3684 colles
837 3621 942 3684 aciem
964 3642 1114 3702 coepere,

60 3734 198 3791 ceterae
221 3725 387 3801 cohortes,
405 3724 629 3787 aemulatione
653 3732 687 3786 et
703 3724 831 3804 impetu
851 3724 994 3800 conisae,
1012 3725 1117 3805 proxi-

59 3849 138 3893 mos
151 3848 300 3910 quosque
313 3827 453 3891 caedere
465 3848 472 3903 ;
496 3847 534 3890 ac
551 3826 700 3908 plerique
716 3827 905 3890 semineces
920 3836 982 3889 aut
994 3827 1128 3903 integx'x

58 3931 280 4001 festinatione
297 3929 456 3998 victoriae
474 3930 772 4017 relinquebantur.
815 3928 976 3992 intedm
992 3923 1160 4002 equitum
1191 3937 1224 3972 ss
