2550 4252
146 215 169 275 4
470 197 502 261 Τ
496 196 537 261 lte
558 196 637 279 Life
658 197 698 279 ᾔ
712 195 875 280 Agricola.
934 180 937 184 ⁴

190 405 236 452 vr.
270 387 363 452 Hinc
374 387 415 451 ad
428 386 652 468 capessendos
665 385 879 468 magistratus
895 385 929 448 in
942 385 1058 449 urbem
1071 385 1196 469 digres-

147 511 214 569 sus,
232 490 415 554 Domitiam
432 490 660 564 Decidianam,
679 489 863 570 splendidis
886 489 1052 552 natalibus
1076 500 1193 565 ortam,

146 596 210 660 sibi
224 596 353 678 junxit;
375 596 474 678 idque
490 594 737 685 matrimonium
753 595 794 657 ad
810 593 937 676 majora
951 593 1074 656 nitenti
1090 595 1194 658 decus

146 721 184 764 ac
200 701 301 764 robur
314 697 386 765 fuit.
419 699 652 781 Vixeruntque
668 698 752 762 mira
767 697 953 774 concordia,
967 717 1027 778 per
1042 708 1194 762 mutuam

147 804 318 868 caritatem
334 812 368 868 et
384 802 528 867 invicem
545 822 582 866 se
597 802 854 882 anteponend03
877 801 941 864 nisi
957 802 1045 884 quod
1058 802 1092 865 in
1105 803 1196 866 bona

146 928 247 971 uxore
262 917 357 971 tanto
373 906 480 990 major
494 906 576 980 laus,
594 915 719 988 quanto
735 905 769 968 in
786 904 873 969 mala
889 904 965 986 plus
989 905 1106 986 culpae
1130 916 1190 970 est.

147 1011 228 1074 Sors
254 1020 453 1094 quaesturae
479 1009 684 1091 provinciam
708 1008 836 1085 Asiam,
862 1009 1096 1089 proconsulem
1124 1009 1194 1072 Sal-

145 1114 236 1177 vium
262 1115 433 1178 Titianum
463 1114 576 1191 dedit;
610 1133 751 1196 quorum
778 1122 898 1175 neutro
925 1122 1101 1193 corruptus
1130 1123 1191 1189 est,

146 1238 341 1300 quamquam
357 1227 391 1283 et
412 1217 583 1299 provincia
605 1217 698 1280 dives
717 1236 755 1279 ac
776 1225 892 1297 parata
913 1216 1140 1297 peccantibus
1158 1227 1194 1279 et

88 1353 112 1378 ιο
145 1320 332 1401 proconsul,
364 1320 399 1384 in
430 1342 564 1384 omnem
595 1321 788 1385 aviditatem
818 1339 953 1401 pronus,
986 1319 1193 1401 quantalibet

143 1421 303 1488 facilitate
330 1425 562 1506 redempturus
590 1433 680 1488 esset
711 1433 859 1487 mutuam
892 1422 1192 1487 dissimulationem

145 1528 230 1592 mali.
277 1527 411 1592 Auctus
428 1538 480 1592 est
501 1528 547 1592 ibi
569 1528 638 1592 filia
663 1528 698 1592 in
723 1527 908 1592 subsidium
931 1526 1030 1590 simul
1053 1535 1087 1590 et
1111 1527 1193 1591 sola-

145 1632 251 1708 cium;
278 1652 355 1695 nam
382 1632 486 1696 filium
513 1641 592 1696 ante
623 1632 790 1695 sublatum
818 1631 910 1695 brevi
937 1631 1056 1696 amisit.
1110 1632 1193 1694 Mox

145 1735 233 1798 inter
261 1744 473 1817 quaesturam
503 1756 542 1799 ac
568 1735 775 1799 tribunatum
804 1734 912 1817 plebis
942 1745 1043 1818 atque
1081 1735 1191 1816 ipsum

87 1867 95 1893 ι
145 1837 245 1902 etiam
268 1838 456 1902 tribunatus
479 1859 604 1902 annum
626 1839 738 1921 quiete
760 1849 793 1902 et
815 1839 883 1902 otio
905 1839 1046 1916 transiit,
1066 1860 1192 1922 gnarus

144 1941 207 2006 sub
224 1943 359 2006 Nerone
375 1951 572 2023 temporum,
590 1943 710 2025 quibus
726 1943 846 2006 inertia
861 1964 921 2024 pro
938 1944 1103 2026 sapientia
1115 1942 1189 2009 luit.

145 2046 239 2109 Idem
254 2055 429 2127 praeturae
451 2055 550 2110 tenor
572 2055 606 2110 et
630 2046 819 2124 silentium3
843 2068 906 2111 nec
930 2048 1019 2112 enim
1042 2048 1192 2131 jurisdic-

144 2150 190 2212 tio
206 2151 396 2214 obvenerat.
445 2151 559 2214 Ludos
576 2159 610 2214 et
626 2150 738 2214 inania
757 2151 895 2214 honoris
918 2152 1028 2215 medio
1051 2152 1191 2216 rationis

143 2263 242 2337 atque
258 2253 482 2318 abundantiae
501 2254 603 2329 duxit,
621 2254 670 2317 uti
693 2254 794 2336 longe
817 2275 837 2318 a
859 2253 996 2332 luxuria,
1014 2255 1061 2319 ita
1081 2253 1191 2320 lamae

84 2381 110 2408 20
143 2358 284 2439 propior.
339 2360 427 2421 Tum
447 2358 574 2422 electus
593 2378 613 2421 a
629 2357 737 2421 Galba
754 2359 796 2421 ad
814 2359 903 2423 dona
923 2359 1124 2440 templorum
1144 2380 1192 2423 re-

143 2462 386 2542 cognoscenda,
403 2461 660 2543 diligentissima
675 2461 921 2544 conquisitione
935 2460 1026 2537 iecit,
1038 2483 1082 2526 ne
1094 2463 1191 2546 cujus

143 2564 279 2628 alterius
296 2565 505 2646 sacrilegium
521 2565 711 2646 respublica
726 2586 824 2648 quam
842 2567 989 2631 Neronis
1005 2567 1177 2632 sensisset.

185 2686 244 2732 vir.
279 2668 432 2751 Sequens
455 2689 564 2732 annus
587 2668 680 2751 gravi
702 2669 842 2734 vulnere
869 2671 1016 2734 animum
1043 2670 1192 2733 domum-

142 2792 207 2853 que
223 2771 296 2854 ejus
312 2771 436 2836 afflixit.
485 2773 572 2836 Nam
588 2773 704 2837 classis
722 2773 924 2849 Othoniana,
943 2774 1084 2838 licenter
1095 2794 1189 2856 vaga,

82 2897 95 2924 2
142 2877 220 2939 dum
239 2877 433 2941 Intemelios
453 2877 623 2960 (Liguriae
638 2898 715 2959 pars
732 2879 796 2960 est)
815 2879 983 2942 hostiliter
1001 2878 1188 2960 populatur,

142 2990 282 3044 matrem
298 2980 479 3063 Agricolae
495 2981 529 3044 in
546 2982 689 3063 praediis
706 2981 776 3046 suis
792 2979 971 3056 interfecit,
989 2983 1190 3066 praediaque

142 3084 214 3165 ipsa
229 3093 263 3148 et
279 3105 435 3167 magnam
451 3085 642 3166 patrimonii
666 3093 795 3165 partem
818 3083 963 3166 diripuit,
981 3105 1066 3167 quae
1090 3105 1191 3149 causa

142 3189 252 3252 caedis
277 3185 395 3252 iuerat.
455 3189 564 3271 Igitur
590 3190 631 3252 ad
659 3188 834 3252 sollemnia
860 3188 994 3269 pietatis
1018 3185 1190 3269 proiectus

141 3290 309 3373 Agricola,
334 3290 453 3355 nuntio
478 3289 626 3356 affectati
650 3291 899 3373 aVespasiano
923 3291 1053 3373 imperii
1076 3292 1192 3373 depre-

95 3418 107 3444 0
141 3395 267 3458 hensus
293 3416 332 3459 ac
364 3396 477 3459 statim
508 3396 543 3458 in
573 3405 686 3477 partes
716 3404 948 3478 transgressus
980 3405 1039 3459 est.
1089 3396 1191 3460 Initia

140 3498 346 3580 principatus
369 3520 408 3563 ac
432 3509 556 3562 statum
580 3499 672 3562 urbis
696 3498 874 3563 Mucianus
898 3500 1045 3581 regebat,
1065 3499 1190 3582 juvene

140 3603 317 3666 admodum
332 3602 526 3666 Domitiano
543 3611 578 3666 et
594 3622 634 3666 ex
650 3612 789 3684 paterna
799 3599 936 3665 fortuna
947 3612 1079 3665 tantum
1091 3603 1192 3667 licen-

140 3707 220 3769 tiam
237 3715 428 3787 usurpante.
477 3706 511 3768 Is
527 3705 666 3769 missum
682 3704 724 3769 ad
743 3690 895 3768 delectus
919 3707 1068 3788 agendos
1092 3707 1191 3789 Agri-

140 3810 247 3873 colam
259 3809 458 3891 integreque
469 3829 508 3872 ac
521 3817 658 3872 strenue
669 3818 847 3882 versatum,
861 3808 1040 3873 vicesimae
1052 3809 1188 3891 legioni,

61 3927 94 3963 ss
126 3912 224 3972 tarde
255 3911 303 3974 ad
334 3920 589 3978 sacramentum
621 3920 864 3997 transgressae,
896 3912 1097 3994 praeposuit,
1132 3914 1190 3976 ubi
