2550 4252
381 218 572 282 Discuntent
592 220 632 301 os
648 218 701 282 tlte
724 217 866 282 Britons.
1126 237 1150 301 9

49 456 58 467 .
142 428 213 473 xiv.
248 409 481 472 Consularium
497 408 623 490 primus
636 407 746 472 Aulus
764 406 912 471 Plautius
928 407 1147 489 praepositus,

94 533 138 577 ac
167 512 309 576 subinde
333 513 489 576 Ostorius
522 512 673 594 Scapula,
701 521 840 594 uterque
863 512 951 575 bello
974 512 1129 595 egregius
1141 533 1149 590 ;

49 672 67 682 ..
96 617 300 697 redactaque
338 616 497 696 paulatim
532 616 567 678 in
599 613 741 678 formam
775 615 965 697 provinciae
1001 615 1150 697 proxima

56 780 62 787 .
96 740 175 802 pars
199 719 401 782 Britanniae.
449 719 578 782 Addita
600 718 738 800 insuper
756 728 991 782 veteranorum
1008 718 1146 783 colonia.

49 887 57 893 ,
98 823 275 906 Quaedam
310 822 464 886 civitates
502 821 712 904 Cogidumno
745 821 817 904 regi
852 823 996 885 donatae
1029 822 1069 905 (is
1107 823 1148 886 ad
1228 857 1231 862 ·

49 994 55 999 ,
97 936 248 990 nostram
266 946 371 1008 usque
394 925 589 990 memoriam
612 925 793 990 fidissimus
817 926 951 1008 mansit)
971 935 1016 1001 ut,
1034 935 1148 990 vetere

49 1100 52 1105 ,
96 1051 138 1094 ac
167 1029 235 1112 jam
266 1029 394 1109 pridem
419 1039 556 1110 recepta
580 1029 694 1110 populi
722 1030 867 1092 Romani
894 1030 1146 1106 consuetudine,

97 1134 238 1198 haberet
261 1133 486 1195 instrumenta
508 1133 679 1196 servitutis
702 1142 737 1195 et
764 1153 870 1215 reges.
918 1134 999 1196 Mox
1026 1133 1147 1198 Didius

98 1236 216 1300 Gallus
246 1245 341 1317 parta
371 1256 391 1298 a
420 1236 586 1317 prioribus
617 1235 792 1314 continuit,
824 1237 938 1320 paucis
969 1237 1147 1300 admodum

96 1339 244 1404 castellis
276 1340 310 1402 in
341 1339 500 1403 ulteriora
529 1339 699 1419 promotis,
732 1359 793 1421 per
822 1360 907 1422 quae
935 1337 1026 1404 lama
1058 1341 1147 1404 aucti

96 1443 199 1506 oflicii
229 1453 452 1524 quaereretur.
508 1443 647 1506 Didium
682 1442 850 1507 Veranius
880 1444 1020 1525 excepit,
1053 1443 1147 1526 isque

97 1547 186 1609 intra
209 1567 334 1609 annum
357 1547 544 1610 exstinctus
567 1555 628 1611 est.
677 1545 860 1611 Suetonius
884 1547 962 1611 hinc
990 1547 1146 1611 Paulinus

96 1648 234 1713 biennio
251 1669 427 1730 prosperas
444 1669 497 1712 res
514 1648 638 1723 habuit,
657 1649 806 1713 subactis
827 1650 1018 1713 nationibus
1041 1651 1148 1714 firma-

96 1753 208 1834 tisque
231 1753 424 1832 praesidiis;
448 1773 586 1834 quorum
612 1752 733 1816 fiducia
764 1753 902 1816 Monam
933 1751 1085 1827 insulam,
1109 1763 1146 1816 ut

95 1856 185 1918 vires
215 1855 396 1919 rebellibus
426 1855 681 1930 ministrantem,
715 1875 892 1938 aggressus
931 1866 1026 1939 terga
1055 1877 1147 1921 occa·

93 1957 183 2021 sioni
215 1955 383 2038 patefecit.
431 1977 487 2022 xv.
529 1958 682 2041 Namque
712 1959 867 2023 absentia
892 1958 995 2042 legati
1018 1969 1147 2024 remoto

92 2071 188 2123 metu
221 2060 374 2123 Britanni
397 2060 525 2142 agitare
556 2060 645 2124 inter
677 2081 714 2124 se
740 2061 831 2142 :mala
861 2062 1043 2137 servitutis,
1073 2083 1149 2126 con-

92 2161 183 2227 ferre
200 2163 338 2244 injurias
355 2173 390 2226 et
406 2164 658 2244 interpretando
680 2164 872 2229 accendere.
921 2162 1014 2227 Nihil
1031 2166 1147 2246 profici

94 2267 267 2349 patientia,
287 2267 351 2329 nisi
373 2276 410 2330 ut
433 2267 586 2349 graviora
608 2276 778 2349 tamquam
801 2287 842 2329 ex
864 2265 955 2330 facili
979 2268 1149 2332 toleranti-

94 2371 157 2434 bus
174 2371 389 2451 imperentur.
439 2370 598 2452 Singulos
622 2370 687 2433 sibi
710 2370 789 2433 olim
805 2391 902 2452 reges
925 2369 1040 2449 fuisse,
1057 2393 1147 2436 nunc
1182 2402 1208 2428 ω

94 2474 193 2537 binos
224 2474 359 2556 imponi,
392 2495 410 2538 e
442 2475 561 2557 quibus
599 2474 730 2556 legatus
768 2474 802 2536 in
837 2475 1044 2560 sanguinem,
1077 2496 1148 2558 pro

95 2587 230 2640 curator
257 2577 291 2640 in
319 2579 407 2642 bona
434 2579 586 2644 saeviret.
634 2578 756 2662 Aeque
783 2579 982 2643 discordiam
1013 2599 1148 2662 praepo
1230 2618 1233 2622 ss

95 2681 243 2758 sitorum,
262 2702 366 2764 aeque
383 2683 596 2746 concordiam
613 2683 775 2764 subjectis
792 2683 987 2760 exitiosam;
1010 2683 1147 2746 alterius

94 2805 240 2863 manum,
259 2786 483 2863 centuriones,
500 2785 638 2849 alterius
655 2806 769 2849 servos
785 2786 852 2848 vim
872 2795 905 2848 et
926 2786 1146 2849 contumelias

94 2889 244 2953 miscere.
294 2889 387 2952 Nihil
410 2889 478 2971 jam
502 2890 687 2971 cupiditati,
704 2889 787 2952 nihil
809 2889 938 2952 libidini
958 2900 1143 2972 exceptum.

97 2993 136 3054 In
153 2993 278 3073 proelio
299 2990 472 3056 fortiorem
496 3014 580 3071 esse,
599 2994 655 3076 qui
677 2994 817 3075 spoliet;
841 3014 929 3057 nunc
952 2995 994 3056 ab
1017 2994 1145 3076 ignavis

95 3096 291 3178 plerumque
315 3106 349 3159 et
373 3096 564 3160 imbellibus
587 3096 671 3178 eripi
695 3097 820 3172 domos,
839 3096 988 3159 abstrahi
1011 3095 1143 3173 liberos,

95 3198 227 3281 injungi
257 3199 420 3277 delectus,
449 3210 618 3283 tamquam
656 3199 741 3262 mori
778 3208 910 3262 tantum
947 3220 1007 3281 pro
1038 3201 1146 3281 patria

96 3302 334 3366 nescientibus.
384 3303 592 3384 Quantulum
623 3304 714 3366 enim
744 3303 907 3367 transisse
935 3303 1089 3382 militum,
1116 3305 1144 3367 si

95 3425 170 3468 sese
198 3406 351 3468 Britanni
383 3411 586 3472 numerent?
640 3407 697 3471 Sic
728 3406 925 3470 Germanias
956 3409 1145 3472 excussisse
1180 3437 1206 3472 ³0

100 3507 227 3590 jugum,
245 3518 280 3572 et
304 3508 452 3587 flumine,
470 3530 537 3572 non
558 3510 704 3587 Oceano,
721 3507 879 3587 delendi3
904 3510 967 3574 sibi
991 3511 1142 3592 patriam,

93 3611 266 3693 conjuges,
291 3622 458 3694 parentes,
484 3613 548 3675 illis
576 3604 746 3677 avaritiam
775 3623 808 3676 et
833 3612 995 3677 luxuriam
1027 3635 1143 3678 causas

93 3713 173 3778 belli
203 3735 287 3780 esse.
345 3717 563 3793 RecessurOS,
595 3726 632 3779 ut
663 3717 758 3779 divus
796 3717 904 3797 Julius
936 3718 1140 3791 recessisset,

93 3819 192 3881 modo
219 3818 361 3882 virtutes
389 3819 552 3902 majorum
580 3840 715 3882 suorum
746 3820 1010 3882 aemularentur.
1048 3820 1161 3874 meuc

90 3921 208 4001 proelii
248 3921 344 3985 unius
374 3932 433 3987 aut
465 3923 608 3989 alterius
641 3935 776 3988 euentu
803 3923 1084 4004 pauescerentx*
1104 3909 1194 3982 xm
1229 3925 1262 3957 Ὦ
