2550 4252
174 232 196 295 6
383 274 386 281 ·
498 230 564 294 The
585 231 664 312 sze
685 231 725 312 of
739 229 902 314 Agricola.

175 421 317 504 quidem,
336 420 389 485 cui
408 441 508 507 saepe
529 421 629 484 etiam
646 421 725 483 boni
741 420 925 502 indulgent,
944 419 1146 484 ostentanda
1160 421 1221 484 vir·

175 533 248 588 tute
277 534 334 588 aut
363 544 424 606 per
445 534 551 588 artem
575 523 757 606 quaesivit;
787 523 903 604 procul
930 525 971 587 ab
998 524 1224 588 aemulatione

175 630 334 692 adversus
361 628 516 709 collegas,
540 626 656 709 procul
678 647 699 690 a
720 627 938 690 contentione
965 628 1123 691 adversus
1150 649 1225 710 pro·
1250 634 1253 642 '

176 741 353 808 curatores
372 741 406 795 et
421 732 556 794 vincere
574 730 753 813 inglorium
776 740 809 794 et
832 731 930 794 atteri
952 732 1121 795 sordidum
1140 733 1223 797 arbi

118 867 130 906 ⁵
176 836 332 898 trabatur.
390 834 505 898 Minus
532 834 714 898 triennium
741 834 775 896 in
803 853 843 898 ea
868 834 1037 916 legatione
1064 836 1223 900 detentus

120 954 122 960 ’
175 938 346 1002 aestatim
367 938 408 1000 ad
430 958 524 1019 spem
548 938 741 1002 consulatus
764 948 940 1002 revocatus
962 947 1022 1015 est,
1041 939 1224 1003 comitante

176 1041 333 1122 opinione
358 1041 564 1104 Britanniam
588 1042 619 1105 ei
642 1041 846 1122 provinciam
871 1041 950 1118 dari,
977 1041 1076 1104 nullis
1100 1042 1134 1104 in
1159 1044 1222 1106 hoc

177 1145 245 1209 suis
263 1145 481 1219 sermonibus,
500 1146 558 1208 sed
575 1145 652 1228 quia
666 1165 726 1226 par
740 1145 922 1209 videbatur.
972 1145 1074 1209 Haud
1091 1165 1224 1226 semper

176 1256 264 1312 errat
279 1245 387 1324 fama;
410 1248 586 1332 aliquando
610 1258 644 1312 et
667 1248 777 1330 elegit.
826 1247 954 1311 Consul
975 1248 1130 1330 egregiae
1152 1259 1224 1314 tum

119 1379 144 1406 10
177 1352 248 1433 spei
273 1351 374 1420 filiam
399 1352 514 1435 juveni
537 1352 619 1415 mihi
642 1352 821 1433 despondit
847 1372 886 1415 ac
912 1361 989 1432 post
1013 1352 1224 1420 consulatum

176 1456 371 1535 collocavit3
395 1466 429 1521 et
445 1457 558 1521 statim
575 1456 767 1520 Britanniae
785 1455 995 1537 praepositus
1011 1464 1072 1531 est,
1090 1456 1224 1539 adjecto

176 1562 391 1643 pontificatus
409 1560 603 1626 sacerdoti0.

220 1789 251 1834 x.
285 1770 478 1833 Britanniae
509 1768 608 1833 situm
637 1766 845 1851 populosque
867 1765 982 1832 multis
1005 1767 1224 1850 scriptoribus

176 1883 379 1938 memoratos
417 1894 485 1936 non
523 1874 557 1936 in
595 1873 878 1955 comparationem
916 1893 1014 1936 curae
1054 1873 1225 1954 ingeniive

119 2003 143 2042 ιε
176 1975 327 2056 referam,
345 1977 404 2041 sed
418 1977 497 2060 ,quia
518 1985 589 2040 tum
612 1977 755 2058 primum
771 1976 957 2058 perdomita
975 1984 1046 2053 est;
1070 1976 1116 2039 ita
1139 1998 1224 2059 quae

176 2081 303 2163 priores
327 2083 476 2145 nondum
500 2089 671 2161 comperta
686 2080 877 2163 eloquentia
892 2079 1094 2161 percoluere,
1112 2100 1221 2143 rerum

176 2186 242 2248 fide
275 2187 456 2250 tradentur.
516 2184 697 2259 Britannia,
735 2184 917 2246 insularum
951 2203 1033 2262 quas
1070 2184 1225 2248 Romana

176 2290 295 2354 notitia
318 2289 553 2372 complectitur
575 2288 725 2364 maxima,
749 2288 856 2368 spatio
880 2307 918 2350 ac
942 2287 1035 2351 caelo
1059 2285 1094 2349 in
1117 2287 1224 2351 orien-

175 2402 244 2456 tem
270 2393 479 2467 Germaniae,
506 2393 540 2455 in
566 2392 775 2456 occidentem
802 2390 988 2472 Hispaniae
1012 2391 1223 2470 obtenditur;

117 2516 142 2544 20
176 2496 280 2559 Gallis
307 2497 342 2559 in
372 2497 545 2560 meridiem
576 2495 676 2559 etiam
706 2494 890 2576 inspicitur.
939 2494 1223 2576 Septentrionalia

175 2599 257 2681 ejus,
276 2600 375 2663 nullis
399 2609 517 2663 contra
539 2600 646 2673 terris,
666 2608 762 2662 vasto
785 2608 886 2681 atque
908 2606 1025 2679 aperto
1048 2598 1131 2661 mari
1153 2599 1223 2679 pul-

175 2713 298 2767 santur.
357 2705 514 2767 Formam
548 2703 651 2766 totius
686 2701 879 2765 Britanniae
911 2701 1027 2764 Livius
1058 2710 1220 2776 veterum,

175 2807 300 2869 Fabius
335 2807 496 2870 Rusticus
532 2806 718 2869 recentium
754 2804 1020 2887 eloquentissimi
1055 2814 1221 2880 auctores,

121 2950 123 2952 -
174 2911 339 2993 oblongae
356 2909 505 2974 scutulae
520 2910 573 2973 vel
590 2909 728 2990 bipenni
743 2893 988 2973 assimulavere.
1038 2908 1083 2970 Et
1107 2917 1159 2971 est
1183 2929 1221 2972 ea

115 3033 139 3071 ²⁵
172 3012 275 3078 iacies
292 3015 375 3078 citra
391 3013 616 3089 Caledoniam,
635 3014 724 3076 unde
740 3021 774 3075 et
790 3012 824 3075 in
841 3012 1034 3075 universum
1056 3008 1146 3074 fama
1169 3022 1221 3075 est
1268 3012 1270 3016 ’

173 3127 400 3201 transgressa,
424 3118 481 3180 sed
497 3115 700 3180 immensum
716 3125 751 3179 et
768 3135 904 3179 enorme
921 3115 1065 3196 spatium
1089 3135 1222 3196 procur-

161 3223 316 3286 ·rentium
333 3231 481 3285 extremo
504 3221 572 3302 jam
595 3219 692 3283 litore
715 3229 877 3283 terrarum
901 3218 994 3283 velut
1017 3217 1051 3280 in
1076 3224 1242 3281 cuneum

172 3334 336 3390 tenuatur.
371 3326 471 3388 Hanc
488 3344 579 3387 oram
596 3323 769 3389 novissimi
785 3322 884 3386 maris
901 3330 982 3385 tunc
998 3321 1142 3402 primum
1157 3322 1222 3384 Ro-

172 3450 270 3493 mana
290 3428 406 3493 classis
425 3429 649 3492 circumvecta
666 3426 809 3490 insulam
823 3445 897 3489 esse
915 3425 1122 3488 Britanniam
1138 3425 1222 3488 affir-

114 3556 139 3593 30
171 3533 283 3609 mavit,
304 3553 342 3596 ac
366 3531 463 3596 simul
487 3530 676 3612 incognitas
699 3531 740 3593 ad
764 3530 796 3593 id
820 3538 953 3610 tempus
978 3528 1113 3602 insulas,
1139 3549 1221 3610 quas

173 3636 320 3700 Orcadas
346 3644 477 3711 vocant,
507 3634 635 3697 invenit
663 3633 866 3715 domuitque,
924 3632 1088 3713 Dispecta
1110 3640 1163 3696 est
1187 3642 1221 3695 et

171 3740 290 3814 Thule,
307 3739 384 3822 quia
399 3740 561 3802 hactenus
582 3737 721 3820 jussum,
739 3746 773 3800 et
789 3737 897 3800 hiems
913 3736 1101 3817 appetebat.
1152 3735 1221 3799 Sed

165 3849 260 3908 lnare
274 3843 409 3926 pigrum
429 3852 463 3906 et
484 3861 586 3925 grave
604 3841 864 3924 remigantibus;
889 3840 1068 3922 perhibent
1084 3859 1128 3903 ne
1144 3860 1231 3908 ven-.

151 3944 197 4003 tis
217 3946 357 4024 quidem
380 3947 529 4030 perinde
552 3945 685 4026 attolli·,
712 3945 824 4020 credo,
848 3944 940 4027 quod
956 3943 1100 4006 rariores
1115 3952 1226 4004 terrae
