2550 4252
470 203 599 266 Return
622 204 786 292 togRome.
1113 218 1130 263 2
1136 216 1151 282 5

90 397 263 468 tempora,
281 406 366 468 quae
390 385 483 450 sileri
496 385 691 469 Agricolam
716 407 783 450 non
804 387 973 452 sinerent:
997 396 1047 449 tot
1064 406 1154 449 exer-

92 490 189 554 citus
217 490 251 552 in
284 489 413 553 Moesia
440 490 612 572 Daciaque
639 500 672 554 et
702 489 882 554 Germania
909 499 943 553 et
972 489 1151 566 Pannonia,

91 593 294 657 temeritate
324 602 382 656 aut
412 613 472 675 per
499 593 665 675 ignaviam
690 594 811 656 ducum
835 592 969 670 amissi3
996 601 1047 655 tot
1071 593 1153 656 mili-

92 708 191 760 tares
210 696 272 759 viri
296 717 371 760 cum
396 705 447 760 tot
471 697 665 760 cohortibus
689 696 870 779 expugnati
895 705 929 759 et
953 697 1042 777 capti
1055 717 1062 773 ;
1089 717 1151 760 nec

92 801 166 883 jam
184 801 227 864 de
243 799 350 865 limite
366 800 496 882 imperii
513 809 547 863 et
564 800 644 882 ripa,
663 801 721 863 sed
743 802 785 864 de
808 799 957 862 hibernis
981 800 1150 882 legionum
1199 825 1211 863 ⁵

93 915 130 968 et
155 903 372 984 possessione
391 904 590 968 dubitatum.
632 905 686 967 Ita
701 924 776 967 cum
793 904 915 966 damna
930 903 1060 966 damnis
1077 923 1152 967 con·

93 1008 314 1070 tinuarentur
339 1016 440 1089 atque
467 1008 576 1070 omnis
604 1027 711 1070 annus
738 1003 912 1071 funeribus
940 1017 973 1071 et
1002 1006 1151 1071 cladibus

94 1109 328 1192 insigniretur,
355 1111 555 1191 poscebatur
579 1131 637 1174 ore
662 1109 753 1192 vulgi
779 1112 845 1173 dux
870 1110 1041 1193 Agricola,
1066 1131 1152 1173 com-

94 1212 296 1295 parantibus
313 1213 444 1277 cunctis
461 1213 610 1296 vigorem
631 1222 664 1277 et
684 1213 908 1277 constantiam
926 1224 959 1277 et
977 1223 1150 1294 expertum

95 1316 199 1381 bellis
236 1317 383 1380 animum
415 1338 491 1380 cum
523 1317 643 1380 inertia
674 1326 707 1380 et
738 1313 917 1379 formidine
953 1327 1148 1380 ceterorum.
1187 1343 1212 1372 ιο

97 1421 235 1504 Quibus
273 1420 483 1484 sermonibus
521 1421 603 1484 satis
635 1428 767 1484 constat
800 1419 985 1483 Domitiani
1020 1439 1151 1501 quoque

94 1543 198 1588 aures
236 1524 439 1620 verberatas,
475 1525 553 1586 dum
592 1524 739 1606 optimus
777 1524 918 1605 quisque
955 1523 1149 1586 libertorum

95 1647 214 1692 amore
241 1637 274 1690 et
302 1627 377 1704 fide,
405 1627 542 1709 pessimi
573 1627 783 1709 malignitate
814 1637 847 1690 et
879 1626 982 1690 livore
1009 1647 1150 1707 pronum

95 1731 322 1796 deterioribus
353 1730 537 1813 principem
570 1731 838 1795 exstimulabant.
902 1730 958 1794 Sic
989 1730 1151 1812 Agricola

96 1834 199 1899 simul
222 1834 291 1897 suis
312 1834 503 1911 virtutibus,
521 1833 619 1896 simul
636 1834 727 1898 vitiis
748 1834 886 1898 aliorum
903 1834 937 1896 in
955 1833 1060 1916 ipsam
1084 1834 1151 1916 glo·
1186 1861 1210 1900 τε

96 1939 183 2001 riam
199 1957 359 2019 praeceps
375 1938 544 2019 agebatur.

142 2060 227 2105 xau.
259 2041 389 2104 Aderat
416 2041 484 2122 jam
512 2062 629 2118 annus,
656 2062 721 2124 quo
749 2041 1019 2124 proconsulatum
1044 2040 1150 2104 Asiae
1191 2051 1194 2055 ’

94 2155 132 2211 et
157 2143 296 2209 Africae
321 2144 507 2221 sortiretur,
525 2155 559 2208 et
583 2145 694 2209 occiso
712 2145 827 2208 Civica
850 2165 957 2226 nuper
973 2164 1035 2207 nec
1052 2143 1151 2225 Agri-

94 2248 193 2315 colae
231 2248 406 2311 consilium
446 2249 571 2325 deerat,
610 2269 672 2312 nec
712 2248 907 2311 Domitiano
949 2246 1146 2328 exemplum.

94 2353 288 2416 Accessere
320 2351 452 2433 quidam
484 2352 725 2434 cogitationum
758 2351 918 2433 principis
953 2349 1061 2432 periti,
1093 2350 1149 2431 qui
1185 2379 1210 2407 ω

94 2458 252 2520 iturusne
275 2465 366 2518 esset
391 2456 424 2517 in
449 2455 653 2537 provinciam
679 2455 765 2519 ultro
792 2454 986 2537 Agricolam
1012 2454 1150 2516 interro-

93 2568 227 2643 garent.
275 2558 330 2622 Ac
353 2558 460 2640 primo
484 2559 648 2623 occultius
668 2559 813 2641 quietem
832 2568 865 2622 et
882 2558 987 2621 otium
1004 2557 1147 2634 laudare,

93 2683 177 2726 mox
199 2683 333 2744 operam
359 2682 451 2726 suam
476 2662 510 2724 in
534 2663 748 2745 approbanda
771 2662 985 2725 excusatione
1009 2657 1149 2737 offerre;

94 2775 269 2849 postremo
305 2786 372 2829 non
409 2766 477 2847 jam
512 2766 644 2829 obscuri
680 2767 862 2830 suadentes
895 2764 993 2828 simul
1024 2774 1149 2828 terren-

93 2880 218 2951 tesque
242 2878 433 2951 pertraxere
456 2870 498 2932 ad
521 2869 760 2934 Domitianum.
802 2869 869 2952 Qui
893 2877 1027 2950 paratus
1052 2868 1149 2930 simu·
1184 2898 1208 2936 25

94 2973 233 3050 latione,
265 2973 299 3035 in
331 2973 554 3055 arrogantiam
586 2974 801 3056 compositus
834 2982 868 3036 et
895 2971 999 3035 audiit
1031 2991 1148 3051 preces

93 3075 300 3152 excusantis,
330 3084 363 3139 et
391 3097 466 3139 cum
494 3076 678 3153 annuisset,
707 3076 760 3158 agi
789 3075 852 3138 sibi
879 3074 1004 3155 gratias
1030 3093 1148 3153 passus

92 3190 160 3257 est,
178 3200 240 3244 nec
257 3179 389 3243 erubuit
406 3180 561 3244 beneficii
581 3179 713 3244 invidia.
755 3177 919 3242 Salarium
936 3186 1059 3252 tamen,
1077 3195 1149 3256 pro·
1183 3206 1188 3215 ·

93 3283 227 3348 consuli
245 3282 409 3346 consulari
427 3284 563 3347 solitum
579 3280 692 3348 offerri
709 3293 743 3347 et
763 3281 961 3365 quibusdam
977 3300 997 3342 a
1018 3299 1054 3342 se
1076 3278 1148 3360 ipso

93 3406 296 3452 concessum
326 3386 508 3470 Agricolae
542 3407 610 3450 non
641 3387 755 3464 dedit3
794 3385 865 3449 sive
898 3381 1049 3448 offensus
1080 3403 1148 3446 non
1184 3415 1209 3454 30

92 3490 250 3574 petitum,
280 3490 350 3554 sive
378 3511 419 3555 ex
445 3491 661 3567 conscientia,
690 3511 733 3554 ne
761 3491 849 3572 quod
879 3498 1033 3554 vetuerat
1061 3487 1149 3550 vide-

92 3603 189 3660 retur
224 3594 356 3658 emisse.
419 3594 591 3676 Proprium
622 3593 759 3657 humani
790 3593 917 3676 ingenii
952 3602 1004 3657 est
1037 3590 1148 3655 odisse

92 3716 197 3782 quem
213 3696 370 3773 laeseris3
392 3696 577 3761 Domitiani
590 3717 668 3761 vero
685 3707 813 3774 natura,
827 3716 988 3779 praeceps
1004 3695 1038 3757 in
1055 3693 1146 3768 iram,

92 3811 128 3868 et
154 3821 220 3885 quo
244 3800 424 3877 obscurior,
442 3820 482 3863 eo
506 3800 762 3877 irrevocabilior,
783 3799 1012 3863 moderatione
1033 3806 1147 3858 tamen

89 3903 338 3987 prudentiaque
348 3902 534 3987 Agricolae
549 3903 757 3984 leniebatur,
769 3903 852 3990 quia
863 3923 940 3966 non
953 3893 1180 3963 contumacia
1209 3917 1242 3954 s,
