2550 4252
163 226 202 272 10
452 276 455 283 ,
480 208 510 270 T
506 208 547 272 lo
568 209 648 292 Lise
669 211 710 292 os
725 209 891 293 Agricola.

158 408 314 489 impetus,
346 407 507 490 majorem
545 409 769 473 constantiam
807 430 910 492 penes
948 398 1098 477 miseros*
1123 435 1213 481 esse.

157 512 231 591 Jam
261 512 497 575 Britannorum
525 513 627 576 etiam
654 513 734 577 deos
757 514 916 591 misereri,
935 516 991 597 qui
1015 516 1214 581 Romanum

158 615 277 678 ducem
293 616 478 691 absentem,
496 616 552 698 qui
568 615 752 698 relegatum
769 617 803 678 in
820 616 883 679 alia
899 617 1008 680 insula
1023 620 1214 684 exercitum

158 719 348 782 detinerent
364 740 371 795 ;
395 719 461 800 jam
480 718 580 800 ipsos,
598 718 686 801 quod
705 718 935 782 difficillimum
957 718 1067 798 fuerit,
1085 722 1215 788 delibe-

98 836 112 877 s
157 842 238 886 rare.
286 823 386 884 Porro
404 822 438 884 in
455 821 620 904 ejusmodi
643 821 791 885 consiliis
814 821 1032 903 periculosius
1057 843 1134 888 esse
1155 827 1214 891 de-

156 925 327 1006 prehendi,
345 945 442 1006 quam
465 924 595 988 audere.

197 1047 266 1093 xvr.
301 1027 366 1090 His
398 1035 498 1109 atque
523 1026 645 1089 talibus
671 1025 815 1089 invicem
840 1025 1001 1103 instincti,
1032 1025 1205 1092 Boadicea

154 1131 289 1216 generis
312 1131 395 1213 regii
419 1127 546 1193 femina
579 1130 665 1192 duce
691 1130 925 1212 (nequeenim
949 1150 1064 1193 sexum
1088 1130 1123 1192 in
1149 1131 1210 1193 im-

51 1314 54 1318 ·
155 1236 255 1319 periis
272 1233 479 1315 discernunt)
495 1253 668 1314 sumpsere
684 1233 831 1297 universi
847 1233 991 1311 bellum;
1014 1254 1052 1297 ac
1069 1254 1208 1314 sparsos

97 1367 123 1394 ιο
156 1361 216 1421 per
241 1338 379 1403 castella
409 1337 533 1401 milites
564 1337 759 1413 consectati,
788 1338 987 1419 expugnatis
1018 1338 1207 1418 praesidiis,

156 1445 261 1525 ipsam
292 1440 457 1506 coloniam
488 1440 642 1503 invasere
672 1449 709 1503 ut
741 1441 855 1504 sedem
887 1441 1066 1505 servitutis
1130 1441 1209 1506 Nec

156 1547 260 1610 ullum
276 1546 310 1608 in
327 1544 474 1608 barbaris
497 1544 656 1607 saevitiae
678 1563 785 1626 genus
808 1543 920 1606 omisit
939 1544 987 1606 ira
1002 1553 1037 1607 et
1055 1543 1206 1610 victoria.

158 1648 345 1733 Quodnisi
370 1647 537 1722 Paulinus
562 1647 698 1729 cognito
722 1647 912 1728 provinciae
935 1655 1038 1721 motu,
1063 1668 1209 1728 propere

158 1753 380 1827 subvenisset,
397 1751 520 1814 amissa
536 1751 709 1814 Britannia
723 1748 830 1828 foret;
853 1771 952 1833 quam
968 1750 1066 1814 unius
1088 1752 1209 1832 proelii

101 1884 126 1923 ις
157 1854 294 1920 fortuna
308 1854 415 1918 veteri
436 1854 618 1936 patientiae
639 1854 794 1928 restituit,
813 1855 1007 1918 tenentibus
1029 1875 1119 1918 arma
1140 1856 1211 1938 ple-

91 2025 92 2028 ,
159 1960 279 2042 risque,
298 1979 381 2041 quos
397 1957 605 2022 conscientia
619 1954 818 2020 deiectionis
835 1967 869 2020 et
885 1958 1021 2040 propius
1038 1979 1078 2021 ex
1093 1959 1209 2040 legato

159 2064 260 2128 timor
285 2062 442 2144 agitabat,
475 2080 518 2124 ne
557 2081 755 2143 quamquam
787 2061 942 2144 egregius
973 2071 1085 2125 cetera
1122 2083 1211 2127 arro-

159 2177 279 2251 ganter
305 2167 339 2229 in
364 2166 496 2230 deditos
524 2174 566 2242 et,
593 2174 630 2229 ut
653 2185 733 2229 suae
758 2165 920 2248 cujusque
945 2164 1086 2247 injuriae
1109 2165 1208 2243 ultor,

160 2272 274 2336 durius
291 2270 489 2334 consuleret.
539 2269 666 2332 Missus
683 2268 785 2352 igitur
801 2268 976 2332 Petronius
992 2268 1210 2350 Turpilianus

102 2409 129 2438 20
161 2385 329 2458 tamquam
352 2373 567 2449 exorabili0r;
591 2382 625 2436 et
647 2372 778 2435 delictis
801 2371 947 2435 hostium
971 2392 1077 2434 novus
1101 2392 1211 2455 eoque

161 2477 388 2564 paenitentiae
423 2476 542 2551 mitior,
576 2475 770 2556 compositis
802 2475 967 2555 prioribus
1009 2475 1091 2538 nihil
1122 2477 1212 2540 ultra

161 2602 261 2646 ausus
280 2579 449 2644 Trebellio
475 2578 622 2642 Maximo
644 2577 847 2659 provinciam
872 2577 1015 2643 tradidit.
1073 2580 1213 2644 Trebel-

161 2687 225 2749 lius
249 2684 385 2766 segnior
407 2691 442 2746 et
463 2681 564 2745 nullis
585 2691 770 2744 castrorum
789 2681 1027 2762 experimentis
1051 2683 1212 2748 comitate

163 2789 303 2872 quadam
327 2785 464 2850 curandi
486 2784 690 2867 provinciam
714 2784 831 2849 tenuit.
880 2785 1038 2849 Didicere
1056 2785 1123 2868 jam
1140 2787 1214 2850 bar-

105 2919 129 2956 25
162 2892 233 2956 bari
246 2910 377 2973 quoque
393 2889 568 2971 ignoscere
581 2888 671 2950 vitiis
683 2887 940 2963 blandientibus
954 2897 987 2951 et
1000 2889 1213 2954 interventus

163 2995 309 3060 civilium
340 3013 507 3057 armorum
542 2991 694 3072 praebuit
728 2991 851 3074 justam
884 2992 1047 3075 segnitiae
1078 3013 1214 3058 excusa-

163 3100 298 3163 tionem.
347 3097 415 3161 Sed
438 3095 603 3159 discordia
624 3095 820 3171 laboratum,
839 3114 914 3158 cum
937 3105 1092 3158 assuetus
1116 3116 1214 3178 expc-

163 3202 346 3265 ditionibus
377 3200 474 3263 miles
504 3199 573 3263 otio
607 3198 784 3262 lasciviret.
844 3198 1033 3263 Trebellius
1063 3196 1143 3280 fuga
1174 3222 1213 3264 ac

163 3306 300 3369 latebris
323 3304 428 3367 vitata
455 3303 621 3366 exercitus
649 3301 706 3378 ira,
736 3302 912 3365 indecorus
940 3312 1039 3384 atque
1066 3303 1212 3378 humilis

107 3439 132 3477 ³0
164 3408 312 3491 precario
329 3427 405 3470 mox
420 3403 572 3488 praefuit,
584 3426 622 3469 ac
634 3405 727 3468 velut
742 3405 840 3486 pacti,
853 3406 1018 3469 exercitus
1031 3406 1212 3483 licentiam,

164 3514 231 3577 dux
247 3511 408 3586 salutem;
432 3520 466 3573 et
483 3509 602 3573 seditio
619 3509 693 3572 sine
709 3508 873 3590 sanguine
892 3509 995 3572 stetit.
1044 3509 1117 3572 Nec
1133 3509 1215 3573 Vet-

164 3617 232 3681 tius
249 3613 405 3688 Bolanus,
423 3612 637 3676 manentibus
654 3613 762 3675 adhuc
782 3612 934 3675 civilibus
951 3612 1056 3686 bellis,
1075 3612 1214 3694 agitavit

165 3718 372 3784 Britanniam
385 3716 579 3798 disciplina:
595 3716 712 3779 eadem
728 3715 848 3778 inertia
864 3735 944 3797 erga
959 3717 1083 3791 hostes,
1096 3716 1215 3780 similis

163 3822 351 3906 petulantia
377 3830 580 3895 castrorum;
614 3818 679 3882 nisi
706 3820 794 3900 quod
821 3819 984 3883 innocens
1009 3819 1155 3882 Bolanus
1180 3830 1215 3884 et

86 3949 118 3986 as
148 3926 254 3988 nullis
274 3925 411 3990 delictis
433 3924 566 3988 invisus
595 3923 774 3989 caritatem
792 3921 1062 4005 paraueratloco
1080 3923 1221 3982 auctori-

130 4025 221 4089 tatis,
