2550 4252
332 174 401 236 His
425 175 552 256 System
575 174 616 255 os
634 134 856 238 Govemment.
1082 189 1119 254 13

68 361 192 427 famam
209 362 283 444 paci
300 361 528 438 circumdedit,
546 382 631 444 quae
646 362 700 426 vel
719 361 846 426 incuria
867 360 920 425 vel
943 361 1122 426 intoleran-

69 469 117 532 tia
132 467 279 551 priorum
297 467 385 529 haud
401 467 512 529 minus
536 487 634 548 quam
657 466 781 530 bellum
805 466 992 530 timebatur.
1041 466 1118 540 Sed,

69 573 127 635 ubi
142 581 253 637 aestas
269 570 414 645 advenit,
433 580 604 634 contracto
621 571 769 640 exercitu
785 570 909 634 multus
925 569 959 632 in
975 570 1118 652 agmine,

68 677 204 741 laudare
225 675 433 748 modestiam,
451 675 611 758 disjectos
627 695 802 752 coercere:
825 673 899 737 loca
914 675 1031 737 castris
1047 674 1120 757 ipse

68 801 197 862 capere,
223 779 389 843 aestuaria
410 799 449 842 ac
476 778 576 842 silvas
607 778 679 860 ipse
708 787 940 860 praetentare;
972 786 1006 842 et
1037 778 1118 841 nihil
1166 805 1178 845 s

68 884 203 948 interim
226 883 313 964 apud
340 884 455 946 hostes
483 882 631 964 quietum
662 881 741 963 pati,
766 902 831 964 quo
858 881 969 944 minus
1000 881 1119 945 subitis

68 987 264 1052 excursibus
283 986 517 1068 popularetur;
541 995 649 1067 atque,
675 985 732 1048 ubi
755 985 835 1049 satis
859 994 1032 1059 terruerat,
1050 1006 1120 1066 par-

68 1092 176 1155 cendo
192 1111 307 1154 rursus
320 1089 528 1153 irritamenta
542 1089 633 1171 pacis
646 1098 824 1153 ostentare.
874 1088 1005 1170 Quibus
1018 1089 1118 1152 rebus

68 1195 194 1259 multae
211 1194 373 1270 civitates,
391 1213 475 1275 quae
492 1193 526 1254 in
548 1192 640 1255 illum
663 1193 751 1280 diem
775 1213 816 1255 ex
838 1212 945 1275 aequo
968 1201 1117 1274 egerant,

68 1299 156 1362 datis
179 1298 360 1374 obsidibus,
378 1297 460 1359 iram
483 1316 633 1379 posuere,
652 1305 686 1360 et
708 1296 882 1378 praesidiis
906 1295 1118 1378 castellisque
1153 1327 1180 1359 ιο

65 1406 302 1481 circumdatae,
327 1414 422 1468 tanta
447 1403 577 1467 ratione
603 1422 746 1484 curaque
770 1412 808 1465 ut
835 1404 926 1469 nulla
950 1417 1030 1472 ante
1051 1408 1121 1471 Bri·

65 1516 201 1577 tanniae
219 1535 306 1577 nova
319 1535 396 1595 pars
405 1515 539 1595 pariter
552 1512 732 1575 illacessita
748 1513 926 1580 transierit.

107 1637 179 1682 xxi.
213 1618 367 1700 Sequens
383 1618 491 1682 hiems
508 1617 734 1682 saluberrimis
754 1619 902 1682 consiliis
926 1620 1111 1701 absumpta

64 1721 228 1804 Namque,
261 1731 298 1784 ut
328 1721 482 1785 homines
513 1721 654 1804 dispersi
684 1742 723 1784 ac
753 1723 853 1784 rudes
888 1742 993 1804 eoque
1025 1723 1113 1787 bello

61 1823 180 1890 faciles
206 1826 310 1909 quieti
333 1836 368 1889 et
391 1826 459 1888 otio
482 1845 543 1907 per
564 1825 754 1908 voluptates
777 1837 1019 1903 assuescerent,
1040 1829 1114 1891 hor-

62 1931 126 1994 tari
142 1930 305 2012 privatim,
330 1930 489 2012 adjuvare
511 1929 653 2011 publice,
678 1940 715 1993 ut
738 1931 864 2012 templa
896 1928 968 1995 iora
995 1933 1112 1995 domos

62 2043 283 2109 exstruerent,
309 2034 474 2097 laudando
497 2043 670 2115 promptos
694 2044 728 2097 et
751 2035 947 2116 castigando
968 2056 1109 2117 ‘segnes

63 2139 118 2201 Ita
137 2138 274 2201 honoris
297 2137 475 2201 aemulatio
498 2157 559 2218 pro
582 2137 785 2201 necessitate
809 2147 888 2202 erat.
934 2139 1009 2219 Jam
1032 2160 1113 2202 vero

61 2233 250 2323 principbrm
273 2242 358 2304 filios
382 2240 574 2304 liberalibus
597 2241 724 2304 artibus
748 2241 887 2315 erudire,
913 2251 947 2305 et
978 2242 1114 2323 ingenia

62 2345 300 2410 Britannorum
324 2344 443 2408 studiis
468 2343 640 2407 Gallorum
663 2341 839 2421 anteferre,
863 2354 908 2419 ut,
934 2345 989 2427 qui
1013 2347 1112 2409 modo

15 2437 17 2439 ¹
61 2448 210 2530 linguam
228 2449 415 2512 Romanam
432 2448 633 2523 abnuebant,
652 2447 876 2530 eloquentiam
901 2449 1113 2530 concupisce-

61 2560 147 2616 rent.
196 2553 279 2615 Inde
296 2552 395 2615 etiam
412 2552 545 2627 habitus
559 2551 665 2614 nostri
678 2553 786 2614 honor
802 2561 836 2616 et
851 2549 1010 2635 irequens
1023 2564 1110 2636 toga,

61 2655 286 2738 paulatimque
307 2656 493 2719 discessum
516 2655 558 2718 ad
581 2655 809 2719 delenimenta
830 2656 996 2733 vitiorum,
1014 2659 1113 2738 porti·
1157 2677 1161 2692 ’

61 2779 122 2823 cus
146 2768 179 2822 et
202 2759 322 2823 balnea
344 2769 378 2823 et
402 2758 629 2822 conviviorum
654 2759 874 2841 elegantiam;
902 2760 1111 2843 idqueapud

60 2863 234 2944 imperitos
270 2863 458 2927 humanitas
494 2865 684 2940 vocabatur,
717 2885 793 2928 cum
828 2884 905 2946 pars
941 2865 1111 2929 servitutis
1147 2891 1171 2928 2⁵

60 2976 161 3031 esset.

105 3089 190 3134 xxu.
222 3070 358 3134 Tertius
375 3071 624 3153 expeditionum
641 3094 749 3136 annus
766 3093 869 3137 novas
885 3082 1005 3155 gentes
1022 3094 1112 3154 aper-

60 3173 119 3248 uit,
144 3175 283 3238 vastatis
307 3195 413 3257 usque
440 3177 481 3239 ad
508 3161 661 3241 Tanaum
688 3178 865 3258 (aestuario
893 3197 1016 3240 nomen
1044 3179 1108 3259 est)

59 3276 260 3342 nationibus.
289 3279 365 3360 Qua
380 3264 558 3344 formidine
575 3282 681 3345 territi
694 3283 810 3345 hostes
823 3302 1022 3364 quamquam
1036 3302 1113 3345 con-

58 3380 223 3445 flictatum
243 3383 350 3446 saevis
372 3386 630 3466 tempestatibus
650 3386 833 3450 exercitum
856 3385 1021 3449 lacessere
1043 3407 1110 3449 non
1146 3410 1172 3446 ao

56 3484 151 3561 ausi;
174 3487 406 3571 ponendisque
422 3490 560 3571 insuper
583 3491 729 3554 castellis
753 3490 898 3571 spatium
920 3487 992 3554 iuit.
1040 3489 1112 3552 An-

57 3587 222 3653 notabant
239 3591 337 3672 periti
351 3613 418 3655 non
431 3593 531 3656 alium
544 3595 663 3657 ducem
677 3594 945 3675 opportunitates
962 3594 1110 3657 locorum

56 3691 244 3773 sapientius
269 3696 400 3778 legisse.
449 3697 588 3761 Nullum
612 3700 654 3761 ab
678 3697 840 3779 Agricola
866 3697 1011 3778 positum
1043 3718 1111 3760 cas-

55 3795 175 3861 tellum
192 3809 249 3863 aut
265 3801 297 3862 vi
314 3801 461 3864 hostium
478 3811 704 3883 expugnatum
721 3811 779 3865 aut
795 3801 955 3883 pactione
972 3821 1016 3862 ac
1031 3798 1124 3875 iuga

54 3901 227 3968 desertum
238 3924 249 3980 ,·
280 3904 415 3969 crebrae
446 3905 669 3990 eruptiones3
707 3926 793 3970 nam
822 3904 999 3968 aduersus
1024 3909 1153 3954 moras
1183 3903 1217 3938 ss
