2550 4252
417 211 623 295 Description
644 214 685 295 os
699 212 842 278 Britain.
1127 228 1148 297 7

94 410 304 484 montesque,
323 421 423 465 causa
438 422 476 465 ac
496 403 635 466 materia
657 411 905 485 tempestatum,
924 413 959 468 et
981 401 1147 486 profunda

94 498 202 569 moles
240 505 392 569 continui
429 506 529 569 maris
567 507 693 570 tardius
732 507 920 588 impellitur.
982 509 1146 572 Naturam

95 609 226 673 Oceani
249 619 349 692 atque
372 617 486 673 aestus
510 629 619 692 neque
642 631 800 692 quaerere
824 611 925 692 hujus
948 611 1058 692 operis
1082 622 1143 701 est,

94 733 134 776 ac
157 713 253 776 multi
278 713 445 777 rettulere.
497 713 613 777 Unum
637 714 828 791 addiderim,
854 735 1018 797 nusquam
1045 714 1144 779 latius

33 843 37 855 ¹
94 817 258 879 dominari
273 837 373 893 mare,
392 816 533 879 multum
550 816 724 880 fluminum
741 818 806 881 huc
823 827 922 900 atque
945 818 1024 882 illuc
1045 816 1142 896 ferre,

94 941 159 984 nec
182 920 279 984 litore
303 930 401 984 tenus
426 940 617 984 accrescere
641 930 698 984 aut
722 921 894 998 resorberi,
921 922 980 984 sed
1004 921 1144 987 influere

94 1024 230 1106 penitus
246 1033 347 1107 atque
362 1024 497 1101 ambire,
516 1033 550 1088 et
565 1024 655 1107 jugis
672 1024 773 1088 etiam
789 1045 827 1088 ac
848 1025 1018 1089 montibus
1041 1026 1143 1089 inseri

93 1128 187 1191 velut
204 1128 237 1190 in
254 1148 324 1192 suo,

139 1250 185 1295 xr.
219 1231 378 1294 Ceterum
395 1231 602 1295 Britanniam
614 1231 670 1314 qui
683 1231 840 1295 mortales
856 1231 951 1296 initio
968 1231 1141 1309 coluerint,

93 1334 273 1417 indigenae
289 1356 332 1398 an
347 1335 487 1411 advecti,
506 1345 542 1398 ut
563 1336 652 1398 inter
674 1336 831 1398 barbaros
858 1356 974 1417 parum
997 1356 1145 1417 comper-

43 1517 47 1524 ,
95 1448 175 1503 tum.
225 1439 371 1502 Habitus
388 1459 563 1520 corporum
578 1439 669 1513 varii,
687 1448 786 1521 atque
810 1459 911 1502 exeo
935 1449 1140 1521 argumenta.

94 1543 251 1624 Namque
267 1543 385 1605 rutilae
402 1542 617 1613 Caledoniam
641 1543 863 1606 habitantium
887 1562 1011 1617 comae,
1030 1542 1143 1624 magni

95 1655 186 1709 artus
204 1645 437 1709 Germanicam
456 1646 619 1727 originem
641 1654 842 1710 asseverant.
893 1645 1038 1709 Silurum
1058 1645 1144 1710 colo·

94 1750 157 1813 rati
183 1749 304 1825 vultus,
334 1750 413 1812 torti
443 1749 638 1832 plerumque
668 1751 787 1828 crines,
820 1759 854 1814 et
886 1749 996 1832 posita
1027 1760 1145 1815 contra

96 1853 263 1934 Hispania
287 1854 403 1916 Iberos
425 1863 557 1917 veteres
581 1854 754 1935 trajecisse
777 1873 900 1936 easque
924 1846 1027 1917 sedes
1050 1875 1145 1919 occu-

93 1977 194 2041 passe
209 1957 310 2020 fidem
321 1954 457 2021 laciunt.
507 1957 649 2020 Proximi
666 1957 770 2021 Gallis
788 1967 822 2021 et
839 1957 964 2022 similes
981 1967 1069 2036 sunt,
1085 1980 1144 2023 seu

96 2062 237 2124 durante
253 2061 391 2142 originis
406 2061 448 2137 vi,
467 2081 535 2138 seu,
553 2062 825 2142 procurrentibus
842 2062 876 2124 in
889 2062 1021 2126 diversa
1035 2064 1142 2138 terris,

95 2164 218 2250 positio
242 2164 325 2228 caeli
349 2164 543 2245 corporibus
568 2164 719 2227 habitum
747 2164 858 2241 dedit;
890 2164 923 2227 in
953 2166 1144 2230 universum

97 2277 208 2332 tamen
242 2267 433 2331 aestimanti
464 2267 578 2330 Gallos
609 2267 752 2331 vicinam
784 2267 926 2331 insulam
961 2289 1144 2350 occupasse

96 2372 254 2437 credibile
278 2381 338 2436 est.
395 2372 521 2434 Eorum
548 2391 642 2434 sacra
671 2371 912 2452 deprehendas,
939 2373 1145 2455 superstitio-

97 2497 176 2549 num
203 2475 457 2557 persuasiones;
488 2495 597 2539 sermo
625 2475 712 2538 haud
740 2466 882 2539 multum
909 2476 1079 2555 diversus3
1109 2478 1144 2541 in

97 2580 318 2662 deposcendis
341 2578 496 2661 periculis
523 2579 639 2642 eadem
660 2579 797 2642 audacia
820 2589 863 2656 et,
888 2580 945 2644 ubi
968 2581 1143 2659 advenere,

97 2684 131 2747 in
158 2683 383 2747 detractandis
408 2683 524 2746 eadem
546 2680 697 2746 formido
724 2765 726 2769 Α
755 2683 832 2746 Plus
860 2693 973 2748 tamen
999 2683 1146 2750 ferociae

95 2787 250 2852 Britanni
266 2784 468 2868 praeferunt,
487 2795 523 2850 ut
539 2806 622 2869 quos
639 2787 788 2850 nondum
812 2788 913 2870 longa
935 2810 999 2870 pax
1022 2790 1146 2853 emolli-

96 2891 168 2954 erit.
217 2891 304 2954 Nam
322 2890 435 2954 Gallos
452 2899 584 2972 quoque
599 2890 634 2954 in
650 2890 747 2954 bellis
764 2890 917 2955 floruisse
936 2893 1145 2974 accepimus;

96 3013 174 3056 mox
190 2994 334 3076 segnitia
349 3014 424 3057 cum
441 2994 509 3057 otio
526 2993 671 3071 intravit,
690 2995 813 3058 amissa
827 2996 952 3059 virtute
968 2997 1092 3077 pariter
1107 3017 1145 3061 ac

96 3097 259 3162 libertate.
308 3097 408 3178 Quod
425 3097 662 3160 Britannorum
678 3097 757 3160 olim
773 3098 871 3161 victis
887 3099 1019 3172 evenit;
1042 3099 1146 3163 ceteri

92 3215 231 3269 manent
259 3204 374 3288 quales
402 3203 490 3266 Galli
516 3201 661 3267 fuerunt.
709 3221 768 3268 xn.
810 3204 850 3266 In
884 3203 998 3285 pedite
1024 3205 1144 3281 robur3

93 3309 255 3391 quaedam
284 3308 438 3370 nationes
464 3315 498 3368 et
523 3327 622 3369 curru
647 3306 872 3387 proeliantur;
895 3307 1069 3371 honestior
1091 3328 1145 3370 au·

93 3413 173 3494 riga,
185 3411 326 3475 clientes
343 3418 567 3492 propugnant.
614 3408 703 3472 Olim
721 3409 856 3491 regibus
871 3411 1043 3491 parebant,
1055 3431 1143 3474 nunc
1178 3437 1204 3474 30

93 3536 154 3599 per
168 3514 336 3596 principes
351 3511 554 3577 factionibus
571 3522 605 3575 et
619 3511 738 3575 studiis
754 3514 953 3591 trahuntur;
976 3534 1039 3578 nec
1054 3514 1144 3578 aliud

93 3619 253 3681 adversus
280 3617 502 3680 validissimas
534 3625 654 3698 gentes
685 3636 744 3696 pro
776 3617 872 3680 nobis
899 3617 1013 3681 utilius
1045 3638 1142 3699 quam

94 3721 182 3804 quod
206 3721 240 3783 in
264 3740 440 3784 commune
467 3739 533 3782 non
563 3718 752 3784 consulunt.
801 3720 910 3783 Rarus
937 3721 1065 3783 duabus
1088 3720 1144 3782 tri-

93 3827 199 3889 busve
216 3823 408 3888 civitatibus
424 3823 465 3886 ad
489 3821 750 3904 propulsandum
766 3841 947 3886 commune
959 3821 1156 3901 periculum

93 3937 281 3992 conventus
291 3948 302 4004 ,·
337 3926 385 3992 ita
413 3925 542 4014 singuli
580 3936 755 4012 pugnant,
786 3923 949 3988 uniuersi
976 3920 1189 3979 usnemun.
1221 3930 1254 3962 ss
